4066 5768
987 308 1031 437 3¹·

240 575 335 639 dicam
358 578 496 638 normalis
527 580 569 637 sit
591 585 667 652 reeta,
699 577 735 639 ed
750 599 845 659 qrram,
868 576 904 637 de
925 578 1107 655 singulorum
1129 595 1268 654 generum
1291 576 1510 637 discriminibus
1531 573 1713 637 disserentes
1733 595 1778 637 re·

241 747 357 788 eurrers
377 747 493 808 semper
515 732 675 807 possimus.
717 728 763 790 Ad
786 751 870 808 qrraru
894 727 1009 808 quidem
1032 728 1150 789 lormam
1180 730 1246 788 siue
1272 726 1329 787 ulla
1352 730 1439 788 animi
1461 727 1654 788 haesitatione
1674 725 1780 787 Rauso

241 878 410 941 escrrleutae
432 879 628 957 elegissemus
649 880 767 941 lormam
783 880 841 957 (1),
864 884 919 942 nisi
942 884 998 940 iam
1020 890 1089 975 apte
1110 878 1165 940 bos
1187 881 1314 959 quinque
1335 898 1430 939 annos
1452 877 1660 939 celeberrimus
1684 875 1777 938 Vollr-

242 1047 328 1088 mann
350 1033 481 1091 eximium
504 1030 540 1090 de
561 1034 655 1110 ipsius
678 1036 775 1092 uernis
797 984 993 1092 cerebralihns
1016 1029 1170 1110 protulerit
1191 1027 1428 1090 dissertationem
1443 1029 1509 1106 (2),
1543 1035 1602 1092 tam
1630 1032 1777 1106 egregiam

242 1177 337 1253 illam,
360 1188 393 1240 ut
415 1201 519 1241 rsuram
541 1203 638 1243 eorum
661 1181 747 1242 edere
769 1181 995 1262 descriptionem
1020 1181 1060 1241 nil
1093 1188 1186 1254 esset,
1210 1183 1265 1240 nisi
1288 1200 1323 1240 ea
1345 1188 1491 1259 repetere,
1526 1200 1601 1258 qnae
1622 1186 1778 1260 praestan-

242 1332 377 1390 tissimus
409 1335 452 1391 vir
473 1335 615 1412 exposuit.
657 1332 755 1410 Quum
778 1333 974 1407 nibilominus,
1006 1340 1037 1394 ut
1058 1332 1146 1393 talem
1168 1332 1328 1391 uberiorem
1352 1329 1579 1411 descriptionem
1601 1330 1780 1411 proteramus

242 1499 291 1540 res
312 1484 375 1560 ipsa
398 1503 453 1542 uos
476 1492 573 1558 cogat,
594 1482 673 1543 aliud
695 1503 789 1560 genus
810 1435 847 1543 ud
870 1483 947 1544 buno
969 1484 1112 1560 elegimus
1134 1481 1230 1554 finem,
1264 1480 1421 1542 Bulonis
1444 1484 1574 1542 nimirum
1597 1479 1645 1558 (Β.
1667 1480 1778 1560 pulmu-

243 1633 330 1708 rom),
361 1635 444 1694 cuius
466 1637 565 1693 rrerris
588 1633 786 1694 cerebralibus
808 1634 941 1714 pluribus
963 1633 1128 1711 desumptis,
1161 1633 1279 1693 brevius
1301 1653 1336 1694 ea
1358 1650 1500 1712 exponere
1521 1634 1682 1712 possimus,
1714 1634 1778 1711 qui-

243 1780 299 1842 bus
320 1752 425 1860 penem
449 1781 534 1863 Hyla,
555 1783 651 1856 Rana,
675 1783 874 1860 Bombirrator,
895 1783 1067 1860 Peiobates,
1089 1782 1164 1862 Pipa
1185 1784 1222 1844 ab
1244 1784 1296 1845 ille
1317 1781 1458 1845 differant

964 1930 990 2009 b.
1032 1935 1060 2000 l.

255 2110 261 2117 ·
304 2076 337 2129 ·5³'
401 2084 542 2162 Origines
562 2088 651 2163 igitur
668 2087 696 2146 si
718 2088 839 2166 primum
861 2105 1014 2147 nervorum
1037 2085 1227 2148 cerebrelinm
1250 2085 1376 2148 Bnlonis
1394 2093 1566 2166 spectamus
1587 2103 1690 2146 omnes
1711 2102 1778 2144 eas-

244 2229 309 2295 dem
322 2233 394 2296 'tetre
416 2239 445 2296 iu
476 2233 589 2297 Beluae
615 2235 774 2319 palmarum
796 2241 894 2298 inveni
916 2238 1041 2314 radices,
1063 2221 1139 2321 quas
1160 2239 1349 2300 doctissimus
1372 2235 1453 2314 Vogt
1474 2239 1503 2296 in
1525 2232 1637 2299 Boione
1657 2233 1781 2316 panthe-

243 2384 306 2442 riuo
327 2383 484 2465 descripsit
496 2390 554 2465 (3).
598 2391 677 2452 Octo
699 2396 774 2451 euim
797 2393 951 2452 seiunctim
973 2410 989 2448 e
1012 2394 1111 2452 crauio
1137 2397 1278 2451 exeuntes
1310 2391 1493 2469 reperiuntur
1524 2390 1616 2449 nervia
1649 2385 1782 2446 Ollactu·

243 2535 314 2606 rins,
340 2534 481 2615 'Opticus
513 2540 763 2616 Oculomntorius,
796 2539 978 2615 patheticus,
1010 2540 1211 2618 Trigeminus,
1240 2537 1410 2613 Abdueeus,
1431 2541 1592 2600 Aerrsticus
1613 2544 1644 2597 et
1665 2535 1780 2614 Vagus,

243 2704 332 2746 nervo
353 2684 464 2750 Faciali
486 2711 551 2750 cum
574 2690 753 2767 Trigemiuo,
777 2710 865 2750 rrervo
888 2690 1172 2769 Glossopheryugeo
1194 2709 1260 2750 eum
1283 2689 1369 2766 Vago
1397 2691 1571 2751 coniunctis.
1613 2686 1780 2766 Hypoglos·

242 2854 305 2910 sns,
340 2856 512 2918 quamquam
545 2841 583 2899 ab
615 2848 681 2921 ipso
709 2842 827 2902 cerebro
849 2842 957 2914 oriens,
979 2849 1045 2920 post
1067 2845 1186 2919 primam
1208 2838 1323 2900 demum
1344 2838 1507 2899 vertebram
1528 2835 1565 2897 ed
1587 2845 1778 2918 conspectum

244 2987 334 3061 venit,
353 2987 499 3068 fibrasque
521 3012 636 3071 quoque
658 2996 828 3053 Accessorii
852 2990 986 3078 Willisii,
1008 2999 1041 3052 ut
1061 2992 1133 3052 irrlra
1156 2991 1412 3064 demonstrabitur,
1434 2993 1575 3054 eontinet.

402 3139 774 3221 0enlomotorins(d)‚
797 3152 828 3204 ut
861 3163 938 3203 nune
967 3146 1024 3204 iarn
1056 3142 1173 3220 singula
1203 3151 1383 3220 spectemus,
1411 3143 1441 3201 in
1462 3138 1569 3201 tinibus
1592 3158 1706 3200 crurum
1728 3159 1779 3200 oc·

243 3287 318 3349 rehri
339 3294 493 3373 utriusque
515 3293 615 3353 leteris
638 3298 745 3366 oriens,
767 3293 901 3354 laeillime
923 3296 1050 3354 cernitur
1070 3293 1172 3354 tubere
1193 3295 1320 3362 cinereo,
1351 3311 1408 3369 qno
1441 3294 1523 3369 origo
1549 3293 1643 3371 ipsius
1664 3296 1711 3350 est
1733 3298 1779 3351 te-

244 3450 301 3516 cta,
320 3442 479 3525 paullulum
500 3443 629 3510 sublato.
672 3443 842 3506 dxtrorsum
863 3465 898 3505 se
920 3452 1094 3505 convertens
1117 3463 1167 3524 per
1189 3443 1314 3504 toramen
1338 3446 1367 3504 in
1389 3443 1445 3502 aiis
1466 3440 1663 3503 anterioribus
1695 3444 1778 3504 ossis

245 3594 415 3673 spheuoidei
437 3598 564 3674 positum
587 3615 621 3656 err
643 3599 742 3657 cranio
764 3593 886 3658 excedit.

401 3820 441 3888 (l)
462 3817 556 3872 Genus
578 3818 643 3891 Pipa
671 3819 757 3872 minus
776 3818 898 3873 idoneum
925 3819 1037 3883 videtur,
1068 3835 1146 3888 quam
1178 3817 1252 3888 quod
1281 3816 1350 3870 hune
1377 3817 1410 3870 ed
1431 3815 1507 3870 tinem
1526 3815 1650 3888 eligatur,
1679 3785 1778 3887 pnippe

244 3921 317 3996 quod
334 3904 477 3980 nervorum
498 3906 666 3996 quorundam
685 3924 779 3979 formis
799 3944 815 3980 a
834 3944 900 3981 vero
920 3924 1117 3980 Ecaudatorum
1137 3934 1203 3996 typo
1227 3924 1390 3995 aliquantum
1414 3924 1533 3980 recedat.
1571 3921 1714 3992 Egregium
1732 3923 1780 3992 igi·

244 4039 296 4096 tur,
315 4049 393 4103 quam
420 4032 615 4088 illustrissimus
644 4032 769 4088 Milller
797 4033 888 4087 horum
922 4018 1070 4088 animalibm
1099 4035 1234 4104 praestitit
1263 4032 1478 4086 distributionem
1505 4028 1724 4098 (Tissenses
1752 4045 1779 4087 tt.

243 4137 452 4194 Treviranus
481 4139 654 4197 Zeltsehr.
679 4140 697 4196 i.
719 4139 876 4212 physiolog.
898 4141 947 4195 Bel.
961 4142 998 4207 d.)
1028 4141 1091 4194 lieet
1111 4144 1189 4195 etiarn
1211 4141 1236 4192 in
1255 4154 1397 4192 nervorum
1417 4137 1508 4192 tornois
1528 4135 1716 4191 descrihendis
1735 4152 1777 4190 me

244 4247 322 4318 sequi
340 4263 455 4302 necesse
473 4248 517 4309 sit,
538 4247 742 4311 ordinatamen,
766 4250 791 4302 in
811 4265 864 4319 quo
886 4246 1077 4302 celeberrimus
1097 4250 1136 4301 vir
1165 4255 1221 4300 tres
1242 4264 1333 4301 eorum
1364 4244 1527 4300 sublamilias
1547 4243 1700 4311 collocavit,
1729 4243 1777 4310 uti,

244 4354 280 4412 ob
298 4353 487 4420 dillicilliorem,
509 4370 578 4424 quae
597 4353 656 4408 inde
676 4353 838 4409 redundaret
857 4352 1028 4408 ‹lescribeudi
1044 4338 1185 4419 rationem,
1207 4356 1231 4408 in
1251 4355 1363 4408 animum
1383 4353 1510 4407 inducere
1529 4367 1582 4407 nou
1601 4353 1687 4424 potui.

325 4540 328 4547 ⁴
359 4522 362 4527 ,
402 4462 442 4529 (2)
461 4461 486 4516 d.
506 4460 625 4516 Miiller's
645 4459 746 4516 Archiv
765 4460 807 4517 tur
824 4464 975 4547 Apatumie,
996 4461 1155 4535 Physiolog.
1179 4469 1233 4520 cet.
1255 4462 1324 4518 1838
1342 4478 1387 4534 μς.
1407 4461 1454 4518 70.

402 4568 442 4635 (3)
462 4566 495 4625 Κ.
514 4565 597 4637 llogt.
628 4566 757 4638 Beitritge
776 4585 825 4623 aur
843 4568 1010 4640 Neurolopie
1030 4567 1078 4624 der
1097 4568 1232 4642 Reptilieu'
1252 4584 1296 4665 pp.
1316 4570 1351 4624 52
1371 4578 1398 4625 et
1417 4567 1460 4623 53.

311 4667 335 4683 ”
404 4669 532 4765 (ἱῌιὴ.
552 4672 574 4729 Ι.
603 4668 663 4747 urg.
683 4675 753 4734 uu.
