4066 5768
239 479 381 545 ranacnlia
411 480 524 542 uarlnm
553 474 709 543 finiendae.
748 474 806 538 liet
836 478 926 555 igitur
955 473 1004 536 liic
1034 493 1151 551 ramae,
1184 490 1271 554 quem
1300 473 1332 534 ln
1353 468 1477 535 'leitnne
1496 470 1565 534 aule
1585 475 1790 550 regnentur

238 629 377 706 vidintur,
405 630 436 691 in
457 625 650 690 salamandra
681 645 748 690 cum
768 645 851 691 rnna
871 624 966 688 naeell
993 627 1073 706 paria
1095 625 1189 705 quinti
1210 624 1397 687 enainnctna.
1438 618 1524 683 Unde
1546 640 1605 683 nnn
1626 619 1730 683 aulum
1755 621 1791 681 ia

240 777 475 844 Selamaudrinie
503 774 559 840 aed
589 780 676 840 etiam
711 778 742 838 ln
775 773 937 838 llcaadatie
968 773 1097 837 remulce
1123 772 1193 836 illue
1213 792 1231 835 a
1252 769 1422 852 'frige-ino
1443 772 1473 832 ln
1495 770 1644 834 mmcnlna
1664 771 1794 833 narin-

241 932 368 992 eminane
387 924 426 991 nd
445 925 596 995 Faninlem
615 943 687 988 eene
706 921 886 1000 Mne-in,
906 943 993 986 nemu
1015 926 1079 998 erit,
1101 924 1170 1005 quin
1193 921 1279 984 lacile
1299 920 1452 1001 intelligat.

402 1075 490 1139 Nnac
508 1073 624 1139 deren·
644 1081 740 1138 tntum
759 1075 916 1155 neptimm
938 1091 1001 1155 nar,
1024 1089 1187 1154 umneaqne
1207 1074 1304 1154 ipeine
1324 1074 1396 1134 rami
1417 1073 1447 1133 in
1471 1069 1638 1134 Banacliir
1652 1075 1796 1152 pnanunt

242 1228 375 1306 agenci-
415 1224 456 1288 Et
486 1223 601 1289 videtur
628 1221 747 1306 qnidam
776 1230 880 1305 patera
900 1242 937 1285 ex
956 1224 1005 1299 ile,
1026 1239 1104 1303 qnae
1124 1219 1214 1284 mndn
1248 1223 1466 1303 praemieimua,
1487 1229 1597 1284 tantm
1616 1219 1699 1282 lrnnc
1721 1238 1795 1282 nean·

244 1396 324 1454 vum,
353 1377 403 1455 qul
433 1375 588 1456 luncunqna
613 1380 673 1436 tam
694 1390 805 1455 parare
824 1371 904 1455 apud
925 1371 1083 1436 nanneni·
1103 1379 1151 1434 eet
1170 1370 1299 1446 habitur,
1320 1372 1464 1452 crineque
1482 1370 1555 1434 neec
1573 1342 1716 1434 animalia
1738 1372 1796 1432 vix

244 1524 438 1589 rudimentum
471 1521 580 1586 nabere
614 1520 818 1600 credebantur,
851 1521 987 1604 amplecti
1021 1520 1260 1601 magnitudinem,
1294 1526 1432 1603 quentam
1472 1524 1521 1584 vix
1550 1522 1653 1583 nervi,
1677 1517 1796 1583 Feria-

246 1676 284 1737 lie
314 1673 404 1737 lnrma
434 1675 465 1734 in
496 1671 612 1734 humine
642 1680 771 1754 anparai.
812 1669 933 1734 lnatruii
955 1673 1041 1746 enim,
1061 1677 1094 1732 ul
1114 1671 1218 1752 paucie
1238 1676 1383 1751 repetatur
1405 1673 1436 1732 ln
1457 1667 1692 1732 salamandrinla
1714 1689 1794 1732 cnn-

247 1828 399 1887 atrirtneee
431 1820 507 1884 dune
537 1822 679 1923 [augium
699 1824 734 1884 in
751 1818 914 1883 licandatin
935 1820 1098 1883 musonium
1120 1817 1356 1901 ntylulrynldenm
1376 1823 1552 1883 anteriorem
1572 1829 1603 1881 at
1623 1819 1797 1882 vernulam

247 1972 407 2054 iugularem
441 1972 576 2046 marinm3
609 1973 639 2033 in
670 1973 822 2051 utriunque
851 1968 976 2032 lamiliae
1007 1969 1166 2049 generibna
1190 1979 1362 2051 praeterear
1383 1970 1541 2069 mnaculnr
1555 1973 1675 2047 narium,
1695 1989 1796 2032 mam·

247 2121 367 2187 branam
387 2122 477 2206 palati
498 2129 529 2183 et
549 2120 742 2184 membranam
762 2125 905 2185 internam
925 2123 987 2182 oria
1008 2120 1143 2184 maxillae
1162 2119 1316 2186 inlerlnria.

407 2267 585 2352 Priueqnam
621 2276 717 2332 antem
748 2270 833 2332 hince
862 2267 901 2332 de
933 2272 1045 2349 parium
1081 2273 1173 2353 quinti
1204 2278 1235 2332 et
1264 2272 1383 2351 reptiml
1404 2277 1507 2334 natura
1528 2268 1795 2353 dieqniaitinnllrua

247 2421 429 2502 impuramnr
453 2416 550 2496 linem,
575 2417 732 2482 diecrimen
752 2416 840 2483 valde
860 2418 1009 2498 eiussnlare
1028 2416 1221 2501 enecandum
1241 2422 1307 2495 erit,
1342 2439 1400 2501 qun
1420 2421 1586 2483 animalium
1607 2422 1798 2502 anpnrinrnm

250 2577 382 2650 ayeieme
412 2588 568 2633 nerrnannr
599 2567 638 2655 ab
668 2587 706 2629 en
726 2566 945 2631 Batracleinrnnr
967 2567 1090 2634 dillerat.
1129 2566 1244 2631 Ramna
1265 2569 1412 2651 palatinnr
1433 2572 1509 2633 enim
1530 2569 1567 2644 (r.
1587 2570 1797 2652 aphenapnla*

251 2716 358 2797 tinne),
387 2720 437 2797 qni
467 2720 497 2778 iu
527 2716 588 2779 illie
609 2736 634 2779 n.
649 2715 818 2795 Trigeminn
838 2735 957 2798 aemper
976 2719 1128 2793 emittitur,
1149 2719 1179 2780 in
1200 2718 1288 2780 liniue
1307 2716 1420 2782 crdiuia
1440 2718 1596 2800 generibue
1616 2738 1652 2781 ex
1673 2718 1824 2784 Faclali·

253 2866 361 2949 ultique
392 2868 494 2940 oritur,
528 2867 650 2945 alaeque
682 2868 721 2926 ita
753 2873 801 2926 ert
834 2870 980 2947 nunccine,
1011 2875 1051 2942 nt,
1081 2870 1160 2930 elcut
1179 2865 1401 2933 demnnetraaae
1421 2888 1476 2931 nne
1496 2877 1643 2950 punctus,
1663 2872 1797 2935 minime

253 3015 293 3082 ad
314 3015 513 3098 Trigeminam
532 3018 573 3077 eit
592 3012 771 3079 relerendue.
812 3014 902 3093 and
923 3014 1077 3080 dincrimen
1099 3037 1204 3095 magna
1225 3017 1421 3093 solummodo,
1443 3027 1474 3080 nt
1495 3017 1618 3094 videtur,
1638 3016 1799 3098 alllnitate,

255 3187 331 3248 qnae
351 3170 426 3228 inter
447 3182 555 3228 nervae
575 3162 725 3226 Facialem
746 3170 777 3225 et
799 3162 999 3244 Trigeminum
1019 3163 1185 3242 intercedit,
1205 3161 1313 3246 putarit
1334 3167 1480 3247 explicari.

413 3312 482 3394 Qua
513 3312 551 3376 de
579 3310 732 3389 affinitate,
762 3331 850 3393 quum
875 3312 926 3375 hic
946 3313 1045 3395 panlln
1068 3313 1189 3378 uleerina
1209 3316 1297 3380 nnltia
1319 3320 1360 3380 ait
1379 3316 1595 3396 dinaerendum‚
1615 3318 1711 3382 lacere
1732 3339 1802 3385 nnn

257 3484 426 3547 conrnune,
460 3466 529 3544 quin
560 3460 597 3525 de
628 3482 725 3524 errore
756 3460 951 3540 delectemur,
972 3466 1003 3527 in
1024 3483 1111 3545 quem
1130 3463 1214 3528 lacile
1234 3464 1354 3548 aliquia,
1373 3465 1594 3532 Batrachinrnm
1616 3479 1724 3532 nerana
1746 3490 1804 3533 ce·

258 3614 389 3678 rebralee
420 3614 592 3692 inepiciena,
626 3615 720 3693 puerit
753 3612 890 3675 incidere.
932 3613 978 3677 Ex
1011 3634 1048 3677 en
1082 3619 1171 3692 enirn,
1204 3614 1283 3697 quud
1317 3620 1397 3697 peria
1431 3621 1563 3699 quintum
1583 3625 1615 3681 et
1633 3621 1799 3699 reptimnm

259 3767 290 3826 in
320 3760 481 3827 llnandatie
510 3753 678 3823 arctissime
697 3771 769 3823 aunt
788 3765 945 3825 coniuncta
964 3770 997 3825 et
1015 3761 1093 3845 qnod
1114 3767 1185 3826 rami
1206 3768 1288 3827 nervi
1308 3764 1438 3828 Facialie
1459 3787 1495 3829 ex
1514 3767 1616 3832 endem
1636 3788 1703 3830 cnm
1726 3767 1801 3833 ‘l'rl-

260 3915 366 3993 gemini
398 3915 497 3973 nervis
527 3913 695 3974 emittuntur
725 3909 854 3988 ganglin,
886 3911 1039 3974 cuncluein
1070 3932 1105 3976 ne
1137 3918 1204 3993 inea
1232 3913 1293 3977 lere
1313 3915 1453 3997 praebere
1468 3915 1598 3994 uidetur,
1618 3916 1746 3982 formare
1766 3923 1801 3983 in

137 4116 140 4123 .
261 4061 426 4125 Batrachiie
459 4058 518 4122 duo
552 4055 626 4123 haec
661 4063 741 4142 paria
777 4079 864 4122 unum
899 4058 1035 4144 idemque
1065 4072 1197 4144 eyatemn
1231 4085 1397 4144 nervnenm,
1417 4069 1501 4161 ctrina
1521 4066 1651 4130 Facinlie
1672 4074 1702 4130 et
1724 4066 1799 4132 Tri-

261 4213 396 4292 gemlnue
414 4209 550 4289 ringulae
570 4211 631 4272 eint
651 4217 760 4292 partae.
801 4208 888 4289 Quae
907 4217 1004 4273 tamen
1025 4215 1172 4276 sententia
1192 4220 1313 4276 naturae
1333 4234 1433 4297 parnm
1454 4221 1613 4279 convenire
1632 4216 1759 4284 ridetur.

420 4357 454 4422 ln
486 4358 613 4440 cordylis
645 4362 721 4420 euim
752 4357 967 4423 Ecaudatnrum
988 4365 1262 4443 pereeptirnum
1285 4384 1362 4428 curn
1383 4365 1594 4445 Trigeminn
1616 4386 1684 4429 nnn
1714 4389 1802 4447 cun.
1848 4349 1849 4352 ¹

265 4515 425 4575 iunctum
455 4512 611 4585 invenitur,
642 4507 697 4571 aed
727 4514 881 4605 utrumque
901 4508 1024 4574 liberum
1045 4529 1081 4574 ac
1100 4516 1265 4576 reiunctum
1287 4511 1452 4595 procedens
1472 4515 1590 4597 gaunilo
1610 4522 1728 4599 proprio
1752 4530 1804 4584 eat
