4066 5768
240 459 420 541 dempera,
453 455 508 520 eod
544 458 630 519 etiem
663 452 703 517 ed
723 451 1009 519 Seiameudriuoruru
1043 452 1163 515 tormen
1197 451 1289 514 mutto
1323 455 1461 534 propter,
1494 470 1580 532 quem
1612 452 1690 514 boec
1717 454 1783 513 trie

240 628 349 689 genera
369 606 512 673 accedere
531 603 680 669 ostendet

335 767 338 773 ’
398 756 431 820 1ο
462 756 578 834 Ranae,
608 753 760 835 tenueque
789 755 866 816 enim
895 751 1054 833 qeneribee
1079 710 1168 831 quum
1187 749 1360 829 Abdeceoe,
1378 749 1511 814 Faciatie
1532 759 1563 816 et
1584 718 1783 830 Trigemioree

241 930 300 972 uoo
330 912 391 970 rint
424 911 575 971 coniuncti
602 903 791 986 qaugttoss),
822 903 910 966 binae
938 903 1025 966 botua
1045 903 1155 984 geuqiii
1175 911 1274 985 perte·
1294 906 1324 965 in
1345 902 1555 969 Bounimon
1573 910 1604 966 et
1624 901 1780 966 Petobete

242 1064 354 1141 poterie
376 1060 552 1137 diacernere,
571 1064 714 1120 oeumtee
733 1073 787 1118 eea
819 1054 936 1136 quidem
964 1051 1071 1130 adhuc,
1090 1051 1146 1118 eed
1166 1053 1247 1117 brevi
1266 1057 1476 1117 conetrictione
1495 1058 1612 1118 maiam
1630 1072 1785 1135 umge-

241 1210 357 1289 tae(i).
396 1209 486 1290 Quid,
521 1207 600 1292 quod
631 1211 714 1289 tpeae
730 1210 805 1270 ‘iam
837 1205 954 1269 radice·
987 1205 1130 1284 distinqui
1165 1205 1397 1285 ticet‚·qoee.io
1419 1225 1654 1288 unamquemque
1671 1206 1783 1269 timu

243 1365 367 1442 partium
401 1367 580 1436 emittuntur,
609 1363 742 1441 remique
770 1366 897 1439 pereum
926 1358 1063 1432 dimini,
1094 1360 1144 1436 qui
1169 1365 1221 1420 aut
1240 1377 1258 1421 a
1278 1360 1397 1434 maiore,
1416 1365 1469 1420 rot
1487 1378 1506 1420 a
1527 1360 1639 1460 nituere
1658 1356 1780 1438 qaegiii

243 1521 325 1594 perte
358 1512 501 1576 edumort
531 1510 619 1590 Quae
648 1508 758 1589 gauqiii
784 1513 908 1590 portium
928 1512 1078 1592 ceperatio
1097 1508 1202 1571 clarior
1221 1513 1307 1571 etiarn
1327 1516 1416 1591 etque
1435 1509 1495 1572 iere
1515 1508 1643 1589 perfecte
1665 1512 1695 1570 tn
1718 1509 1784 1571 Se·

245 1663 393 1726 terpandro
424 1670 454 1725 et
486 1662 608 1725 Tritone
637 1663 825 1741 conspicitur,
845 1664 951 1741 qnippe
972 1679 1046 1740 quae
1067 1677 1190 1740 proreue
1208 1665 1344 1723 eeioocta
1367 1660 1522 1723 exhibeant
1542 1664 1652 1742 parium
1675 1665 1780 1743 quinti

245 1823 276 1875 ct
305 1815 422 1894 eeptini
451 1812 640 1891 geoqiieffi).
682 1809 768 1872 Unde
798 1808 1013 1872 Bembioatorie
1046 1808 1256 1890 Peiobetirque
1285 1811 1394 1874 turmae
1417 1813 1458 1873 ite
1478 1821 1607 1892 poeeoot
1626 1811 1783 1893 captioni,

245 1973 279 2027 ut
299 1961 536 2041 minoriqaogtii
556 1965 630 2042 parti
651 1959 790 2036 Faciaiiq
810 1963 910 2021 maiori
932 1958 1119 2039 Trigemiune
1138 1960 1322 2041 respondeat
1342 1998 1380 2014 -
1403 1953 1531 2025 Tertiam
1551 1965 1641 2042 igitur
1665 1981 1785 2041 earum,

246 2132 320 2193 quer
354 2113 537 2181 cierieeimuo
558 2111 698 2173 Mitior
718 2113 845 2173 instituit
876 2107 1091 2172 licaedatorum
1124 2109 1328 2187 audiemiiiam,
1360 2128 1449 2193 qouor
1483 2131 1540 2174 non
1576 2110 1664 2197 modo
1690 2113 1789 2176 vaide

248 2260 417 2342 diecrepare
450 2281 469 2325 a
498 2260 640 2336 reconde,
671 2259 728 2322 aed
758 2263 845 2322 etiem
876 2260 965 2321 mutto
995 2265 1114 2341 propior
1139 2258 1178 2322 ad
1199 2258 1487 2325 salamandriuoron
1506 2262 1647 2324 recedere
1665 2262 1790 2327 iorroee

248 2430 334 2493 quam
365 2409 484 2485 honore,
514 2429 549 2473 ex
579 2408 630 2471 itte
660 2428 814 2470 nervorum
844 2412 1060 2489 comparatione
1078 2409 1206 2473 eioceet:
1232 2428 1309 2474 oovo
1328 2413 1384 2474 tero
1405 2412 1472 2488 boo,
1493 2430 1578 2492 quam
1600 2432 1671 2476 vere
1691 2423 1789 2476 netu-

248 2563 319 2623 retie
341 2563 384 2621 eit
403 2562 462 2622 ieta
483 2557 647 2621 doctissimi
669 2563 724 2620 viri
745 2557 862 2634 divisio,
882 2569 1052 2636 argomento
1073 2559 1356 2638 demonstratordt).

406 2709 492 2785 Quae
522 2728 674 2770 nervorum
707 2710 901 2786 investigatio
930 2714 1028 2769 antem
1058 2726 1146 2787 quum
1178 2711 1288 2790 optime
1316 2726 1383 2771 cum
1402 2711 1440 2772 iie
1461 2719 1614 2790 congruet,
1635 2732 1713 2793 quoe
1735 2722 1788 2780 vir

249 2859 522 2939 praestantissimus
557 2855 594 2918 de
624 2854 773 2918 eecrrndee
806 2859 966 2934 tertiaeque
996 2855 1211 2920 Ecarrdetornm
1242 2858 1470 2923 oubiamiiierum
1491 2856 1592 2923 ordine
1612 2863 1787 2945 eootogioo,

249 3007 440 3089 disceptavit:
472 3003 565 3088 Pipae
595 3005 768 3084 doreigoree
797 3025 951 3067 nervurrrer
979 3006 1171 3069 coniormotio
1195 3009 1238 3069 itti
1259 2989 1456 3071 distributioni
1477 3017 1621 3075 contentia
1643 3033 1711 3074 eoae
1735 3022 1787 3078 vi-

250 3156 344 3222 dctnr.
386 3153 574 3236 Superiorem
604 3160 704 3235 otique
732 3174 779 3231 ce,
811 3154 848 3216 ed
882 3175 969 3236 qoem
1000 3155 1058 3217 hoo
1076 3176 1171 3234 gerone
1192 3161 1317 3238 pertinet
1336 3159 1500 3223 enitamiita
1521 3162 1641 3244 reliquie
1661 3161 1787 3230 tuaene

253 3307 367 3370 obtinet
383 3346 386 3358 ·
402 3304 509 3380 iocum,
540 3307 569 3365 io
600 3306 788 3367 coniminum
808 3302 847 3364 ab
868 3304 950 3365 triaco
969 3308 1151 3386 petieeimunr
1172 3304 1319 3384 dictione,
1338 3307 1417 3391 qood
1436 3329 1544 3390 genere
1565 3310 1640 3395 Pipe
1661 3334 1696 3377 ee
1716 3314 1786 3380 Da-

251 3456 402 3535 ctytethra,
423 3453 537 3517 doeboe
556 3453 710 3517 Enetaehii
730 3453 812 3517 tuitio
827 3457 860 3514 in
880 3462 968 3515 onom
989 3452 1107 3518 ductum
1127 3459 1273 3535 connatie,
1293 3456 1391 3538 tingue
1411 3464 1529 3524 omniuo
1555 3476 1664 3542 carent,
1686 3484 1783 3530 meru·

409 3776 450 3845 ‹r›
469 3775 535 3831 mn
554 3775 574 3837 r.
600 3777 662 3850 mg.
679 3775 705 3844 e,
724 3777 758 3833 a.
823 3755 827 3762 ’

322 3936 325 3941 .
409 3885 451 3950 (t)
470 3882 535 3939 't'otn
554 3882 574 3940 Ι.
604 3882 664 3955 Fig.
683 3885 709 3951 e,
727 3885 754 3941 Δ
772 3889 801 3940 et
817 3881 851 3940 C.

410 3989 452 4056 (3)
471 3987 537 4043 tab.
557 3987 591 4043 ΙΙ.
621 3988 680 4060 Fig.
698 3989 716 4044 ‘2
734 3996 762 4044 et
779 3989 805 4055 3,
824 3989 849 4044 Α
867 3995 896 4044 ot
914 3986 946 4044 C.

410 4097 450 4164 (4)
469 4093 530 4150 Atia
557 4095 687 4167 quaedem
705 4101 846 4167 praetereo
864 4095 1023 4161 discrimine,
1050 4094 1148 4167 quibus
1177 4094 1315 4153 retonans
1342 4097 1598 4177 Bembinutorisque
1617 4086 1708 4167 toron
1726 4127 1785 4170 one·

251 4202 336 4257 torem
355 4214 415 4257 eum
433 4199 545 4257 't'ritooe
563 4208 591 4255 ct
608 4200 781 4259 Sannorum
799 4203 970 4259 intercedere
985 4202 1136 4261 asinitatem
1154 4211 1267 4275 apparet
1289 4207 1328 4273 (iu
1346 4208 1456 4279 quidne-
1470 4209 1498 4266 td
1516 4229 1626 4286 quoqne
1653 4218 1706 4272 erit
1732 4235 1783 4274 oo·

253 4305 415 4370 minandum,
443 4307 515 4379 quod
543 4309 642 4380 pariter
668 4314 750 4379 atque
777 4310 803 4362 io
826 4307 1085 4364 Satemaudrioorum
1112 4309 1313 4368 remitteremus
1340 4316 1496 4372 auricularis
1515 4322 1589 4374 nervi
1607 4322 1735 4392 togularia
1755 4330 1799 4392 io,

253 4411 305 4468 tttte
324 4409 432 4467 duobus
450 4413 621 4470 desideretur
637 4413 794 4485 generibus)
812 4416 920 4471 ninoris
934 4415 1057 4472 videntur
1074 4431 1139 4471 ceee
1152 4421 1284 4485 momenti,
1305 4437 1504 4492 quamquorum
1515 4424 1635 4497 piuribne
1654 4427 1780 4490 socienda

254 4521 291 4574 ait
309 4519 416 4577 mentio.
784 4512 786 4517 ’
950 4511 953 4517 ’
