4066 5768
751 1344 840 1380 ’.ιι
859 1340 920 1380 1‘3'2
954 1334 1000 1377 'rr-l
1036 1337 1111 1373 (Μ’

114 1601 116 1606 ¹
162 1598 251 1710 Jam
275 1631 343 1695 inde
365 1654 400 1695 ex
421 1652 456 1694 eo
475 1637 614 1713 ternpore,
646 1651 703 1715 quo
724 1635 846 1715 prinum
868 1631 906 1695 ad
928 1632 1080 1713 analogiae
1101 1630 1229 1693 studium
1250 1631 1420 1695 in'o'umlrore
1441 1637 1538 1714 coepi,
1563 1630 1695 1697 animant

10 1756 21 1852 .Ι
48 1852 51 1857 ,
162 1805 257 1847 meum
278 1784 443 1866 occupabat
463 1783 686 1865 Amphibiorum
708 1782 850 1845 nudorum
871 1787 999 1864 insignis
1021 1782 1110 1858 ordo,
1144 1787 1252 1864 quippe
1278 1787 1326 1865 qtrl
1352 1802 1411 1845 nou
1431 1783 1526 1872 solum
1547 1771 1697 1863 garnerum,

162 1955 238 2019 quaa
258 1936 458 2018 amplectitur,
478 1937 555 1997 serio
576 1935 754 2014 singularem
784 1931 1077 2015 expiscium'lorma
1104 1932 1142 1995 ad
1168 1936 1297 2014 speciem
1323 1935 1505 2014 srtpetlorum
1531 1933 1698 1998 animalium

165 2085 334 2148 ostenderet
359 2089 529 2161 transitum,
562 2085 618 2147 sed
649 2090 736 2147 etiam
763 2080 906 2163 singulari
932 2082 1145 2146 individuorum
1172 2085 1304 2166 corporis
1325 2087 1486 2147 mutatione
1510 2086 1588 2149 viam
1614 2084 1700 2167 qnasi

94 2299 98 2305 ,
164 2243 233 2299 ante
254 2237 359 2298 oculos
382 2236 467 2298 nobis
488 2245 625 2317 poneret,
656 2254 742 2316 quam
764 2244 867 2298 natura
893 2239 922 2296 iu
944 2226 1095 2296 formando
1113 2238 1179 2297 isto
1200 2238 1327 2298 transitu
1348 2237 1390 2298 sit
1407 2239 1553 2315 ingressa.
1594 2237 1700 2323 Nequa

164 2387 296 2468 prolecto
309 2405 477 2466 magnorum
490 2391 614 2448 virorum
632 2387 762 2468 exempla
778 2404 878 2468 parum
897 2387 1083 2449 coutulerunt
1103 2385 1141 2447 ad
1163 2405 1298 2463 amorem,
1321 2404 1378 2467 quo
1397 2386 1485 2448 huius
1506 2386 1618 2448 ordinis
1637 2395 1702 2449 stu·

169 2537 249 2600 dium
269 2559 336 2600 aum
356 2537 510 2617 amplexus
532 2536 728 2614 incitandum,
760 2557 848 2618 quum
869 2538 979 2599 multos
1000 2536 1234 2597 doctissimorum
1258 2539 1448 2615 aoologorum
1471 2557 1614 2599 summum
1637 2553 1707 2620 praa

170 2691 276 2751 ceteris
297 2686 425 2748 studium
447 2689 477 2747 in
498 2687 555 2747 lroc
576 2685 676 2747 ordina
696 2683 867 2747 accuratius
888 2685 1063 2767 explorando
1085 2685 1249 2747 collocasse
1277 2687 1415 2754 viderem.
1437 2728 1473 2738 -
1497 2687 1704 2751 Verumtamen

169 2836 328 2900 excudam
349 2837 404 2898 liae
425 2857 532 2899 caussa
554 2843 640 2898 inane
661 2837 720 2898 iera
741 2836 831 2896 videri
854 2855 971 2917 possem
994 2843 1169 2917 contrepisss
1190 2823 1382 2919 propositum,
1408 2836 1557 2900 materiam
1573 2842 1705 2901 nimirum

171 2986 319 3052 scribendi
340 2986 477 3065 eligendo
500 2995 557 3049 tam
586 3006 676 3068 sarpa
701 2991 758 3048 iam
785 3001 814 3047 et
841 2992 970 3048 atarntis
997 2991 1069 3048 viris
1096 2992 1320 3066 lrrvestigatam,
1355 3005 1443 3071 qurum
1464 3010 1496 3050 re
1516 3005 1592 3051 vera
1608 3000 1708 3052 nostra

172 3142 315 3220 imprimis
342 3146 472 3219 tempora
494 3138 624 3220 polleant
644 3142 776 3218 scriptis,
814 3138 921 3217 quilius
946 3137 1067 3199 historia
1090 3138 1231 3199 naturalis
1258 3147 1288 3198 et
1307 3143 1451 3200 anatomia
1477 3141 1578 3202 horum
1600 3144 1723 3203 animus·

174 3291 245 3353 lium
265 3293 326 3352 aiut
345 3301 460 3373 auctae,
502 3292 541 3350 At
561 3298 673 3351 tantum
695 3289 797 3364 abest,
830 3297 862 3349 ut
884 3287 1119 3350 doctissimorum
1141 3293 1266 3349 virorum
1289 3289 1396 3351 studiis
1417 3310 1535 3368 omues,
1566 3293 1628 3355 'snb
1649 3299 1712 3375 qui·

175 3442 232 3504 lius
253 3442 324 3503 latet
345 3440 395 3500 illa
416 3439 503 3513 ordo,
525 3441 668 3517 caligines
690 3444 752 3501 sint
773 3440 952 3521 dissipatae,
979 3450 1009 3500 ul
1032 3441 1173 3519 permulta
1194 3438 1291 3500 adhuc
1313 3440 1517 3518 iruvestigan'da
1539 3454 1568 3504 et
1589 3445 1713 3524 diligetu-

173 3597 235 3655 tius
257 3589 460 3675 perlustranda
492 3589 529 3652 ab
557 3591 616 3651 illis
648 3590 735 3651 uobis
767 3595 827 3651 sint
856 3590 968 3654 relicta.
1009 3589 1048 3650 Et
1075 3600 1118 3650 est
1143 3589 1274 3670 quidem,
1308 3594 1334 3650 si
1356 3592 1474 3669 singula
1497 3594 1533 3654 de
1553 3588 1713 3676 Replilium

177 3703 318 3806 nudorum
340 3743 462 3803 historia
484 3751 513 3802 at
534 3744 677 3803 arratomia
699 3745 809 3822 scripta
831 3740 1057 3821 perlustramus,
1092 3743 1233 3820 imprimis
1258 3760 1411 3803 suessorum
1442 3744 1612 3825 'cerebrique
1634 3764 1714 3816 conr-

177 3898 306 3977 par'atio,
342 3913 417 3973 quae
448 3895 551 3972 paucis
579 3892 614 3951 de
636 3896 700 3973 ipsa
722 3895 800 3953 nutis
822 3897 951 3972 exceptis
974 3894 1108 3971 neglectu
1134 3913 1226 3973 paene
1247 3895 1344 3953 iaceat
1373 3915 1408 3954 ac
1430 3899 1651 3974 praetermissa,
1687 3901 1716 3960 al

179 4065 353 4127 quamquam
375 4063 480 4121 magua
501 4050 571 4103 sunt
591 4044 764 4121 niaxirniqua
786 4047 920 4104 momenti
943 4065 992 4119 ea,
1027 4065 1102 4125 quaa
1128 4045 1164 4104 de
1186 4045 1297 4126 reliqtta
1320 4062 1417 4106 eorum
1440 4051 1662 4110 corratructione
1682 4062 1717 4110 ao

180 4200 314 4278 corporis
336 4195 503 4255 evolutione
523 4196 742 4274 promulgarunt
764 4203 884 4255 naturas
903 4176 1097 4268 sarculatores,
1124 4199 1300 4275 systematis
1324 4198 1438 4267 trervdsi
1461 4198 1716 4260 coulormationditr

182 4354 229 4410 six
250 4348 340 4409 verbo
362 4349 447 4425 ipsos
468 4348 617 4423 attigisse,
637 4348 699 4406 iura
719 4357 766 4406 est
785 4343 865 4424 guod
881 4348 1024 4407 miremur.
1046 4381 1085 4390 —
1107 4346 1200 4407 Cuius
1224 4345 1339 4427 quidem
1363 4349 1403 4407 rei
1422 4367 1557 4409 caussam
1580 4336 1717 4429 si'tpt'ae'ss

182 4503 287 4575 marla,
321 4503 350 4559 in
372 4517 407 4556 eo
428 4499 613 4577 potissimum
636 4516 699 4555 eum
723 4499 847 4576 positam
869 4516 938 4557 esse
960 4500 1109 4571 inivenies,
1144 4495 1220 4574 qtrod
1254 4499 1330 4559 haud
1363 4509 1468 4580 parvas
1493 4496 1542 4562 illa
1561 4488 1719 4561 sarcinolum

185 4653 374 4729 investigatio
405 4650 434 4707 tn
456 4646 639 4708 animalculis
660 4658 718 4708 tarn
744 4652 857 4724 exiguis
885 4647 999 4708 exhibet
1022 4646 1224 4723 difficultates,
1259 4667 1346 4728 quium
1379 4620 1722 4728 tenuissima‘llla'llla,

1491 4750 1506 4802 l
