4066 5768
848 330 941 424 21²

125 598 228 660 bibent
247 597 422 660 discrimen?
445 595 591 676 [Quorum
609 593 686 658 dues
706 615 724 656 e
746 600 866 672 ninere,
898 595 975 658 dues
996 616 1013 659 a
1035 599 1143 660 meiere
1155 603 1251 678 'parte
1270 598 1381 677 gengiii
1395 598 1498 662 'editus
1517 600 1662 678 uidemus,

124 755 167 812 ite
183 758 218 812 ut
237 748 284 810 iiii
301 747 345 811 ad·
360 745 488 810 radicem
510 747 547 809 ab
568 744 857 825 Acueticeeditam,
890 746 919 808 hi
952 745 989 810 ad
1011 750 1122 827 perium
1152 751 1246 861 quinti
1264 751 1399 831 sentique
1420 725 1549 830 urigines
1568 755 1657 832 perti·

126 920 195 962 nera
214 898 383 962 uideantur..
417 898 486 975 Qun
516 895 554 958 de
573 895 702 959 re'iuiea
722 896 842 959 uberius
864 901 918 959 erit
938 894 1151 963 disserendum.
1192 897 1330 961 Ceterum
1351 897 1660 979 genus-Bembineter

124 1049 363 1114 eolcPeieh'ste
383 1046 494 1124 differt,
528 1047 609 1128 quud
640 1052 670 1109 in
690 1048 876 1127 irocfgeeere
895 1068 999 1113 omnes
1018 1048 1053 1110 'hi
1074 1053 1160 1127 remi,
1183 1054 1279 1112 utin
1298 1050 1420 1132 reliquis
1441 1049 1602 1113 licetrdatis
1624 1055 1659 1113 ex

126 1221 183 1265 una
205 1199 364 1274 cedunuua
385 1207 520 1278 apertura
541 1205 657 1274 exerunt,
677 1160 710 1260 in
722 1157 778 1261 iiie
798 1220 851 1281 per
869 1202 924 1262 tria
946 1199 1085 1263 distincta
1106 1190 1243 1281 iot-amiur
1266 1189 1400 1264 cranium
1416 1201 1591 1282 relinquunt.
1654 1252 1656 1257 .

282 1350 315 1412 iu
338 1348 545 1411 Bembinatnre
576 1348 702 1412 radicem
734 1353 763 1410 in
796 1347 874 1428 vagi
904 1351 1043 1430 gangiieu
1063 1356 1224 1450 intrantem¹
1244 1372 1328 1414 unam
1353 1358 1466 1414 tratum
1488 1353 1658 1431 invenisti·

125 1522 210 1584 quam
235 1511 342 1563 :tamen
368 1500 407 1561 eb
439 1503 532 1562 maius
552 1499 693 1561 volumen
712 1508 826 1562 ceteras
847 1502 935 1601 huius
955 1504 1036 1563 nerui
1065 1505 1194 1580 origines
1215 1503 1380 1582 cupientis
1396 1517 1484 1564 uene
1498 1507 1571 1579 erit,·
1587 1506 1658 1585 quia

125 1652 385 1731 imilaiirtaiiigat.
426 1650 588 1713 Patebatrs
619 1659 720 1713 contra
750 1650 825 1713 duas
856 1651 986 1713 ostendit
1007 1651 1084 1731 Vagi
1114 1649 1246 1727 radices,
1282 1654 1404 1733 quarum
1426 1652 1544 1714 interior
1563 1651 1659 1716 tribue

124 1803 289 1869 minoribus·
306 1811 355 1864 est
367 1806 538 1884 composita
554 1801 611 1879 (2).
632 1835 672 1847 -

159 1987 183 1999 ··
287 1953 322 2016 ld
343 1953 458 2034 quidem
490 1952 579 2014 verbu
598 1959 710 2013 tautum
725 1950 1060 2028 mouendum-videtur,
1093 1951 1171 2031 queri
1194 1951 1431 2016 Oeuiometnrius'
1463 1956 1492 2014 in
1513 1950 1658 2015 Petamne

123 2108 251 2170 toramen
272 2059 444 2187 preprium.
467 2110 500 2164 ut
521 2105 551 2164 iu
571 2103 698 2184 reliquis
711 2104 888 2183 generibus,
920 2102 1010 2165 hebet
1041 2101 1161 2179 nulium,
1183 2102 1236 2166 sed
1268 2103 1465 2185 perforamen
1487 2101 1659 2182 Trigemini
1713 2121 1717 2130 ·

123 2262 275 2340 ipsiusque
296 2257 381 2318 huius
403 2258 483 2318 nervi
505 2252 623 2334 ganglia
645 2253 730 2316 vaide
751 2258 931 2336 propinquus
953 2274 988 2315 ex
1009 2256 1108 2314 cranin
1129 2252 1250 2316 excedit.

671 2427 751 2457 .-,
846 2405 942 2482 §.z
1061 2441 1064 2449 .

166 2576 169 2584 ·
265 2555 389 2636 Neque
410 2559 497 2616 etiam
519 2556 608 2616 ramis
629 2560 664 2613 e'x
684 2553 767 2614 hisce
788 2549 937 2614 radicibus
958 2552 1325 2632 gangiiis'q'uecrietrtihus
1345 2570 1452 2631 genera
1467 2551 1659 2617 Bembinatct
1744 2603 1746 2608 -
1860 2587 1864 2594 ·

127 2707 339 2773 attenuare·
362 2706 482 2766 muitum
513 2711 716 2764 coeterorum
736 2700 954 2763 Ecaudrterum
977 2700 1067 2763 ferme
1087 2699 1242 2777 recedunt,
1275 2701 1351 2763 unde
1382 2705 1476 2783 megin
1507 2705 1659 2782 magisque

125 2867 260 2942 apparet,
293 2875 362 2917 esse
393 2861 526 2934 systema
547 2871 701 2916 nerverun
723 2871 825 2932 penes
856 2856 951 2912 ernuia
972 2849 1124 2914 Ecaudate
1154 2850 1212 2913 iere
1233 2851 1397 2914 secundum
1414 2851 1536 2915 eundem
1557 2859 1658 2933 typum

125 3012 293 3081 formatura,
329 3003 510 3082 eandemque
532 3002 731 3084 tentataque
753 3001 888 3063 exhibere
909 3004 1047 3083 speciem.
1066 3058 1069 3067 .
1089 3001 1167 3065 Sunt
1188 3002 1374 3065 nihilominus
1399 3012 1507 3085 pauca,
1542 3002 1658 3085 quibus,

125 3169 157 3223 ut
177 3157 264 3222 mode
285 3153 422 3233 vidimus,
444 3159 572 3234 origines
594 3139 747 3215 neruorum
768 3151 807 3214 ab
827 3155 865 3215 iie
884 3158 1077 3230 cognatorum
1097 3171 1235 3230 generum
1257 3150 1438 3231 discrepent,
1473 3173 1564 3234 quum·
1582 3151 1657 3215 duee

122 3313 183 3373 iilic
204 3315 303 3392 partes
334 3303 472 3369 ostendat
503 3304 640 3384 gaugiion
674 3303 835 3383 ‘fugamini
868 3304 965 3363 uarias
996 3305 1177 3383 excipientes
1210 3300 1334 3369 radices.
1376 3303 1442 3381 Qua
1479 3301 1593 3384 quidem
1615 3323 1656 3377 re,

125 3484 212 3543 quum
232 3465 299 3535 iarn,
321 3465 354 3519 ut
374 3476 409 3517 ex
431 3453 641 3516 Seiamaudrue
663 3473 817 3514 nervorum
839 3452 1036 3543 despriptiune
1056 3452 1216 3534 apparebit,
1236 3451 1273 3513 ad
1295 3452 1583 3513 Salamarrdrinorum
1598 3451 1654 3514 fur-

126 3635 201 3676 mam
222 3613 343 3694 propius
375 3603 529 3682 accedant,
551 3607 643 3667 maior
664 3606 750 3665 etiam
772 3602 803 3664 fit
823 3602 897 3665 haec
918 3599 1080 3665 similitudo
1101 3605 1190 3663 ramis
1212 3602 1249 3663 ab
1271 3610 1390 3682 utraque
1411 3592 1520 3665 hurum¹
1533 3608 1654 3683 partium

127 3768 256 3828 emissis.
297 3759 411 3821 Remus
444 3757 554 3818 naeniis
570 3754 617 3834 (3)
640 3757 715 3815 cuim
737 3762 765 3815 et
786 3772 885 3815 ramus
908 3753 1065 3816 maxillaris
1076 3752 1125 3832 (4)
1147 3773 1181 3813 ex
1202 3754 1321 3829 maiore,
1341 3774 1439 3815 ramus
1459 3755 1605 3835 palatinus
1627 3761 1657 3815 et

58 3940 61 3945 ¹
125 3936 223 3980 ramus
256 3911 397 3992 iugularis
429 3929 464 3969 ex
485 3911 596 3969 minore
618 3910 708 3969 oritur
729 3906 880 3991 partc(5)‚
901 3909 940 3967 ita
962 3905 1055 3967 nttttt
1077 3904 1136 3965 duo
1157 3903 1353 3967 tasetcutosn
1375 3908 1542 3984 verapacis
1563 3908 1655 3982 quinti

125 4102 332 4115 ,ω’-*-

286 4249 327 4314 (1)
347 4244 415 4304 Tei).
436 4244 456 4302 i.
488 4242 548 4313 mg.
566 4242 592 4308 3,
612 4243 654 4297 lu.

287 4355 328 4420 (ᾗ)
346 4350 415 4410 unu.
436 4351 457 4409 1.
488 4349 548 4421 mg.
566 4350 593 4415 t,
613 4345 641 4422 β,
659 4365 685 4420 y.

287 4460 327 4527 (3)
345 4458 406 4529 urg.
426 4459 444 4515 3
463 4464 491 4512 et
509 4459 535 4522 t,
554 4473 579 4515 a.

286 4568 327 4633 (t)
346 4564 405 4636 urg.
424 4565 442 4623 3
461 4571 490 4619 et
508 4566 534 4630 i,
553 4580 578 4619 e.

287 4674 329 4741 (5)
347 4671 407 4745 lug.
425 4672 443 4728 3
461 4678 491 4726 et
507 4672 533 4737 t,
552 4669 609 4726 iet
626 4668 652 4727 Ιι.
