4066 5768
968 179 1054 274 lt}

241 451 378 530 nandum,
399 466 506 512 namne
525 453 629 512 neuter
647 453 743 510 eatan
765 464 824 508 uon
839 446 990 549 mumulo·
1011 447 1092 508 onnia
1106 441 1223 526 layoidei
1244 441 1300 507 aad
1313 441 1493 508 aulaeum
1507 447 1614 526 oapltiu
1635 446 1787 508 instruat:

241 607 345 668 nervi
366 602 573 666 aeeeeeorii
595 597 756 661 Willieii
777 601 874 679 ipram
892 613 965 658 eene
985 593 1114 665 redicem
1136 595 1272 663 arbitrer.

960 745 987 824 d.
1027 750 1057 814 ll.

400 900 534 982 lpeoruur
555 919 634 964 nuno
654 903 712 961 iam
731 917 885 961 nervorum
905 899 1013 961 ιιιιιιιι
1043 901 1071 959 ei
1092 860 1281 978 opertanea,
1313 895 1420 959 nnllam
1443 899 1472 958 in
1493 894 1785 964 Oeulomotorlo,

243 1064 273 1120 et
294 1052 492 1117 Pathetiao
512 1050 550 1113 ab
572 1069 618 1125 eu,
651 1070 737 1130 quam
759 1070 855 1129 genna
875 1012 950 1111 llulo
970 1048 1073 1111 luorum
1094 1051 1206 1128 parium
1229 1046 1369 1124 ostendit,
1403 1050 1504 1128 eperia
1524 1048 1622 1110 inveni
1643 1042 1787 1108 dilleren·

242 1211 323 1282 tiam,
357 1203 503 1282 iidemque
523 1199 563 1262 ibi
586 1199 623 1265 alr
644 1201 727 1264 hiare
747 1205 846 1264 neruis
867 1203 1050 1262 instruuntur
1070 1197 1205 1273 mauruli,
1239 1199 1287 1279 qui
1308 1200 1338 1259 ia
1358 1197 1421 1274 ilio,
1456 1196 1544 1260 moda
1566 1206 1597 1260 ut
1618 1197 1675 1259 duo
1696 1199 1785 1270 rami,

243 1361 273 1420 in
295 1375 372 1440 quea
394 1351 636 1417 anlomuturiue
656 1348 804 1428 diuiditur,
836 1350 922 1413 ambo
941 1348 999 1413 rub
1018 1368 1099 1411 nmo
1120 1349 1215 1411 rraeali
1236 1351 1317 1431 paria
1337 1352 1429 1428 quinti
1450 1357 1609 1430 permeent,
1639 1367 1726 1429 quum
1750 1351 1785 1409 in

244 1506 358 1571 Bulon'e
378 1504 454 1568 ulter
472 1520 572 1582 rupae,
593 1501 668 1563 altar
686 1499 761 1564 inira
782 1500 862 1563 hune
881 1469 1000 1562 nervum
1019 1498 1232 1580 progrediatur.

404 1653 518 1714 Omna·
538 1651 643 1733 reliqui
663 1655 745 1712 uerri
766 1652 918 1730 aliquanto
934 1654 1027 1729 magle
1048 1650 1086 1711 al>
1105 1652 1283 1732 reliquorum
1299 1647 1514 1713 denudatorunr
1534 1657 1605 1731 typo
1625 1648 1783 1727 recedunt,

245 1823 344 1870 remon
365 1799 507 1898 quondam
529 1804 558 1863 in
580 1799 656 1881 Pipa
677 1798 1030 1879 domigera‘emitlentea,
1043 1813 1047 1823 ·
1060 1799 1168 1882 quitur
1189 1814 1297 1880 penem
1318 1801 1402 1877 liuto,
1432 1785 1528 1877 Rana,
1552 1800 1639 1882 llyla,
1659 1798 1785 1864 Bornlri-

245 1963 341 2032 n'ator,
362 1950 523 2017 Pelolratea
544 1954 663 2014 omniuo
685 1957 793 2016 curaui.

403 2102 449 2166 Ex
479 2102 600 2182 nauplio
636 2101 842 2180 Trigemioi
877 2105 954 2164 enim
987 2105 1116 2184 quinque
1146 2102 1176 2164 ln
1196 2102 1253 2164 lroo
1271 2118 1379 2181 genere
1399 2105 1531 2165 oriorrtur
1549 2106 1635 2165 mont:
1655 2104 1786 2180 naualia,

246 2255 405 2317 maxillaris
431 2255 576 2332 superior,
603 2253 762 2316 maxillaris
782 2250 910 2327 inlerior,
930 2252 1072 2330 iugulatio
1094 2258 1125 2313 et
1144 2253 1265 2332 quintae
1286 2267 1403 2330 amone,
1423 2257 1472 2333 qul
1494 2258 1523 2315 io
1545 2253 1622 2316 dnoa
1643 2272 1711 2315 mox
1731 2272 1785 2315 ra-

248 2424 313 2467 mae
334 2406 486 2466 seiunctus
507 2420 616 2464 ramum
638 2401 796 2483 palatinum
818 2410 848 2463 et
868 2423 978 2465 ramum
1000 2403 1155 2465 mentalem
1177 2405 1292 2471 emittit.

404 2551 518 2613 Remus
552 2550 763 2627 naealie(l)a
797 2553 931 2610 marculo
966 2556 1158 2612 maeaeterieo
1178 2551 1276 2617 merua
1303 2557 1332 2614 in
1353 2556 1466 2627 interea
1492 2554 1604 2614 orbitae
1625 2563 1709 2633 porte
1730 2576 1785 2616 an·

246 2714 372 2769 troreunr
393 2701 576 2782 progreditur
596 2718 694 2762 ramoa
716 2697 792 2761 duoa
805 2719 881 2760 -mox
901 2699 1114 2762 rnlrtilieeiroae
1134 2701 1282 2776 emittent,
1303 2702 1353 2782 qul
1374 2697 1412 2762 ad
1432 2704 1559 2765 emerim
1589 2722 1625 2765 ae
1655 2698 1780 2767 eertum.

248 2862 345 2917 tentae
376 2851 536 2934 plerosque
565 2848 715 2911 mrueoulou
747 2849 822 2911 oculi
853 2847 1004 2911 laooiaulia
1024 2854 1089 2912 euin
1110 2854 1267 2913 instruant.
1307 2848 1392 2914 Alter
1411 2859 1497 2929 enim,
1516 2858 1547 2915 in
1567 2857 1623 2915 trio
1645 2855 1782 2922 monile

249 3004 375 3080 diuisae,
404 3006 435 3066 in
465 2999 608 3064 moeoulie
633 3007 713 3063 recto
733 3003 895 3082 superiore,
915 3007 995 3064 rento
1015 3004 1130 3063 interno
1150 3008 1181 3062 et
1202 3007 1283 3063 reato
1303 3009 1423 3064 externo
1443 3001 1550 3078 linitur,
1570 3006 1646 3066 alter
1665 3010 1695 3067 ln
1717 3027 1782 3068 ruu-

249 3154 335 3216 eculo
367 3152 487 3231 obliquo
518 3154 669 3231 auperiore
699 3151 881 3231 expanditur.
903 3188 940 3202 -
963 3151 1040 3214 Miro
1067 3155 1162 3229 Aigitna
1187 3160 1448 3232 momentogenue
1470 3152 1582 3236 Pipae
1603 3158 1780 3238 reliquorum

250 3302 468 3367 anndalorum
503 3301 603 3363 lormia
634 3298 793 3381 discrepat,
814 3303 957 3363 marculio
977 3305 1027 3382 qai
1049 3302 1163 3364 naulum
1184 3311 1301 3366 movent
1321 3304 1494 3367 ananelum
1516 3324 1533 3368 a
1553 3307 1672 3389 paribus
1694 3314 1781 3372 tertio

254 3463 285 3516 et
308 3461 412 3536 quarto
434 3451 488 3513 aad
510 3456 597 3514 etiam
618 3470 636 3513 a
659 3450 827 3531 Trigemino
848 3471 955 3515 nervon
975 3453 1199 3534 arripientibue.

415 3600 448 3664 ln
479 3603 625 3662 anteriora
656 3600 766 3663 orbitae
795 3604 908 3682 euplo,
927 3623 1026 3667 remuo
1047 3605 1159 3667 naualia
1178 3608 1208 3667 in
1228 3603 1305 3668 lona
1325 3603 1588 3673 dividitur-remon.
1630 3611 1713 3673 Alter
1732 3635 1782 3675 ex-

252 3761 378 3815 tromum
410 3749 606 3832 progreditur,
635 3751 804 3830 romuloque
833 3757 939 3832 exiguo
965 3762 1033 3817 ante
1054 3756 1219 3818 monaulum
1240 3755 1387 3838 obliquum
1407 3762 1584 3838 euperiorena
1606 3757 1642 3819 ad
1663 3759 1781 3822 inferiae

253 3899 467 3975 demandante,
501 3901 752 3980 membrorumque
779 3886 961 3984 'pituitariam
995 3908 1071 3981 nani,
1104 3913 1137 3967 ut
1157 3904 1272 3967 videtur
1290 3908 1389 3968 narnia
1410 3909 1582 3983 instruente,
1602 3909 1724 3985 eminae,
1742 3929 1779 3973 oe

255 4051 403 4112 maxiliano
435 4053 570 4134 euporius
600 4049 799 4112 transscendit
829 4060 859 4114 et
889 4072 985 4134 usque
1005 4053 1042 4117 ad
1063 4075 1206 4118 nummum
1228 4055 1287 4118 lere
1309 4059 1372 4117 arani
1395 4059 1506 4135 apicem
1528 4057 1716 4138 progrediens
1737 4083 1782 4124 re·

254 4194 349 4264 mulae
371 4205 508 4262 continuo
530 4203 651 4279 ‘exiguos
672 4204 701 4261 in
723 4208 817 4262 eutem
839 4201 907 4270 edit.

413 4510 454 4577 (1)
472 4507 540 4568 'l'ale
559 4509 593 4568 ll.
625 4508 685 4582 llig.
703 4511 727 4576 1.
747 4527 772 4567 a.
