4066 5768
949 1604 1039 1694 111.

239 1824 298 1891 AN
329 1825 441 1893 vultu
473 1786 777 1893 Amrnluluuuut
808 1823 1022 1893 NUDORUM
1053 1821 1174 1889 oliuo
1198 1820 1473 1890 zoonocicus
1494 1822 1583 1890 CUM
1603 1824 1780 1894 NERVO-

437 1943 531 2006 RUM
553 1942 853 2008 cunnssuanwut
873 1938 1035 2006 uotonis
1056 1937 1300 2018 concutiat,
1322 1938 1575 2019 Quauulruu.

401 2133 481 2194 Anto
500 2150 595 2211 pauca
615 2129 724 2195 haecce
744 2126 887 2193 decennia
916 2125 1012 2191 sdhuc
1031 2142 1096 2190 mos
1117 2133 1180 2190 scat
1205 2129 1280 2190 iutcr
1302 2124 1454 2207 aooiogos,
1485 2124 1524 2189 sd
1544 2125 1779 2206 distinguendas

240 2277 406 2340 animolinm
427 2280 535 2342 termus
556 2280 673 2358 singulo
704 2287 850 2360 tamqnam
882 2280 1025 2361 principio
1056 2274 1210 2340 divisionis
1230 2281 1271 2340 uti
1291 2295 1411 2356 ugano,
1433 2276 1626 2358 quodcunque
1645 2281 1782 2341 ιιιιιὶιιιο

237 2431 401 2495 incurreret
421 2433 450 2491 in
472 2430 583 2496 ocutos.
624 2429 693 2510 Qus
713 2429 820 2509 agendi
840 2433 955 2491 ratione
975 2426 1038 2490 tisri
1058 2445 1154 2508 pacm
1172 2446 1231 2489 non
1261 2430 1369 2510 potuit,
1403 2430 1472 2508 quin
1503 2429 1620 2508 singula
1651 2447 1780 2508 genero,

241 2596 327 2660 quam
350 2583 472 2643 maxima
493 2579 563 2643 licet
584 2600 618 2643 cn
639 2579 828 2643 ostenderent
848 2577 1015 2640 discrimina
1047 2577 1298 2649 conformationis,
1329 2577 1424 2638 iocum
1455 2581 1484 2637 in
1515 2585 1680 2656 systemate
1700 2598 1779 2644 zoo-

242 2727 340 2807 logico
359 2733 528 2809 acciperent
548 2729 635 2791 vatdc
655 2733 862 2810 propinquum,
893 2724 1050 2790 dummodo
1071 2730 1100 2788 in
1121 2745 1180 2787 uno
1200 2724 1253 2788 ilio
1273 2727 1475 2788 consentirent
1494 2735 1652 2805 momento,
1683 2729 1780 2811 quoue

245 2876 320 2953 alia,
355 2883 490 2959 corporis
526 2881 744 2958 constructione
778 2873 933 2938 admodum
967 2875 1073 2952 aitiuin,
1107 2875 1196 2953 longo
1231 2878 1382 2938 interiecto
1422 2880 1519 2956 spatio
1541 2881 1779 2958 seiungercntur.

244 3025 363 3091 Nostris
384 3027 497 3122 demum
518 3028 716 3110 temporibus,
751 3028 869 3109 quantis
899 3026 1047 3089 erroribus
1078 3026 1129 3088 tati
1160 3024 1308 3087 diuidendi
1339 3024 1427 3089 modo
1455 3024 1619 3090 afficeretur
1638 3031 1779 3108 scientia,

245 3176 424 3240 intellectum
445 3187 508 3255 est,
542 3199 632 3259 quiere
661 3177 862 3240 artificialibus
894 3179 961 3241 istis
981 3174 1194 3256 systematibus
1214 3173 1360 3256 depositio
1381 3196 1457 3239 nous
1478 3179 1620 3241 naturalia
1641 3182 1781 3244 institue-

244 3320 316 3390 nsut
336 3334 459 3391 naturas
478 3335 675 3406 scrutatores,
708 3331 800 3390 tutius
821 3347 898 3388 nuuc
919 3326 1171 3402 conformationis,
1191 3328 1355 3409 cunctique,
1389 3333 1421 3389 nt
1448 3330 1488 3390 ita
1509 3326 1620 3406 dicam,
1653 3330 1779 3395 habitus

245 3454 386 3542 rationem
407 3478 558 3542 habentes.
599 3477 648 3541 Ad
669 3476 859 3558 corrigendos
891 3478 988 3542 antem
1008 3482 1085 3540 ictos
1109 3474 1277 3538 artificiales
1299 3475 1418 3539 ordines
1439 3476 1476 3541 ad
1497 3481 1669 3541 anatomiam
1690 3501 1779 3559 com.

247 3637 376 3709 paratum
396 3628 464 3690 inde
485 3649 501 3691 a
523 3631 644 3691 maximo
666 3627 792 3691 Criviero
813 3628 980 3708 refugerunt
999 3646 1115 3708 semper
1135 3627 1266 3704 coniugi,
1300 3632 1380 3690 certa
1403 3629 1536 3690 nimirum
1556 3649 1611 3710 spe
1631 3629 1709 3708 freti,
1745 3637 1779 3695 in

248 3780 362 3869 interna
393 3778 519 3840 alicuius
550 3777 683 3841 animatis
715 3782 933 3840 constructione
963 3782 1070 3859 optima
1102 3796 1232 3858 quaeque
1263 3796 1297 3838 se
1327 3779 1457 3839 invenire
1488 3799 1577 3860 posse
1597 3788 1783 3861 argumenta,

249 3928 357 4010 quibus
383 3929 481 3990 iocum
512 3933 541 3990 in
562 3927 663 3990 ordine
687 3930 852 3991 uuiuaiiun
875 3929 917 3990 illi
938 3927 1121 3990 tribuendum
1143 3927 1350 3990 discernerent.
1392 3927 1598 3992 Verumtamen
1620 3933 1706 3994 etiam
1727 3933 1781 3997 hic

251 4097 319 4140 cuca
352 4100 428 4160 opus
462 4085 509 4139 est
538 4086 625 4157 atque
656 4081 790 4157 ingenio,
823 4100 861 4141 ue
890 4079 1013 4159 singuli
1030 4085 1142 4140 tuntum
1171 4082 1272 4157 organi
1294 4077 1523 4141 conformatione
1544 4085 1710 4145 accuratius
1731 4088 1784 4147 iu-

249 4227 424 4307 vestigauda
457 4234 484 4289 iu
517 4229 636 4291 eosdem
670 4228 779 4312 aliquis
799 4229 908 4292 incidat
928 4248 1051 4306 errores,
1087 4248 1172 4310 quam
1203 4232 1252 4306 qui
1284 4248 1340 4290 uno
1372 4229 1524 4309 anologico
1553 4208 1644 4296 utitur¹
1672 4236 1780 4313 siguo:

249 4383 342 4443 totius
372 4383 505 4458 corporis
536 4383 647 4474 iuterna
679 4387 826 4443 structura
859 4384 998 4443 rationem
1031 4378 1127 4441 haberi
1159 4386 1287 4459 oportet,
1322 4382 1347 4440 si
1379 4384 1553 4445 anatomiam
1581 4393 1777 4464 comparatam

250 4529 323 4609 trogi
344 4549 414 4593 csse
434 4529 510 4592 vetis
532 4529 695 4608 ancingioe.
