4066 5768
178 668 181 673 .
243 613 296 676 per
316 611 350 654 se
371 588 512 652 interdum
534 589 571 650 ob
593 591 709 650 nimiam
731 590 918 666 exiguitatem
940 587 1044 649 oculos
1066 585 1124 648 lere
1146 604 1266 666 prorsus
1291 585 1474 664 effugientis,
1509 588 1625 665 nonnisi
1651 569 1778 650 fortissi-

243 763 308 807 mae
328 744 416 805 lentis
439 749 613 821 openiens,
644 759 814 818 summeque
836 758 905 800 cura
927 737 1075 799 cultellum
1098 756 1204 816 regens
1227 756 1321 820 usqne
1345 736 1380 797 ad
1404 735 1487 798 linem
1509 738 1644 820 persequi
1666 740 1778 819 possis.

403 893 500 972 Quium
533 899 627 953 tamen
660 893 732 952 tanti
763 892 825 952 siut
855 910 891 951 ac
913 898 970 951 tarn
993 887 1149 965 luculenti,
1183 907 1259 967 quos
1280 907 1316 948 ex
1337 888 1465 968 reliquae
1487 887 1588 949 borum
1609 887 1775 951 animalium

243 1043 478 1108 conformationis
509 1045 737 1120 investigatione
767 1048 962 1121 conceperunt
993 1037 1313 1122 lrnctus'discipiinae:
1348 1040 1434 1101 etiem
1456 1047 1586 1119 systema
1608 1060 1776 1115 nervosum,

242 1196 396 1276 bucusque
427 1192 502 1256 odeo
525 1193 689 1272 neglectum
721 1190 808 1254 valde
839 1190 956 1271 dignum
978 1189 1108 1268 videtur,
1143 1188 1222 1273 qnod
1253 1194 1419 1253 accuratius
1450 1191 1651 1270 perimimur.
1694 1190 1773 1261 Nihil

242 1349 318 1410 enim
340 1348 456 1408 omniuo
477 1348 506 1406 in
529 1347 665 1406 uniuersa
687 1352 788 1405 naturn
812 1364 898 1426 quum
929 1349 988 1405 tum
1009 1361 1129 1424 parvum
1145 1343 1309 1404 inveniatur
1329 1339 1461 1421 adeoque
1483 1328 1627 1420 exignum,
1649 1363 1685 1404 ex
1719 1365 1777 1426 quo

243 1496 317 1560 disci
339 1517 395 1558 non
418 1499 512 1579 possit
542 1492 651 1573 aliquid
684 1513 789 1556 novum
821 1502 910 1577 atque
929 1496 1059 1572 insigne:
1094 1490 1164 1576 quid
1196 1491 1232 1553 de
1264 1512 1416 1554 nervorum
1448 1499 1610 1573 systemate
1631 1492 1774 1570 dicamus,

243 1655 302 1711 ism
331 1651 413 1727 gravi
446 1647 513 1721 iilo,
547 1652 715 1749 unumque
745 1649 775 1708 in
806 1643 941 1707 omnibus
973 1646 1105 1727 corporis
1136 1645 1283 1725 animique
1303 1641 1502 1706 iunctioribus
1522 1647 1580 1705 uim
1602 1647 1777 1707 exercente?

239 1790 320 1862 Fieri
341 1797 470 1877 proiecto
491 1801 539 1858 vix
560 1803 669 1876 potest,
690 1798 759 1876 quin
780 1797 877 1856 omnis
897 1794 970 1857 baec
991 1798 1087 1857 ersimo
1107 1794 1264 1857 volventes
1283 1814 1370 1885 spem·
1387 1793 1455 1857 inde
1470 1798 1680 1877 concipiemus,
1701 1794 1775 1857 iilud

241 1968 359 2033 quoque
379 1950 593 2028 investigantes
625 1944 703 2008 band
734 1965 827 2027 pauca
860 1964 914 2008 uos
944 1950 1116 2025 cognituros
1148 1965 1218 2008 esse
1241 1964 1318 2007 nova
1339 1953 1369 2008 et
1399 1945 1551 2027 bucusque
1581 1946 1775 2028 inexplorata,

241 2097 320 2163 nude
340 2107 370 2161 et
390 2099 528 2179 apologis
550 2107 580 2160 st
598 2099 746 2161 anatomia
769 2103 936 2177 comparata
956 2096 1082 2177 aliquem
1105 2096 1211 2160 saltem
1232 2116 1352 2177 corpere
1365 2064 1478 2179 'possit‘
1492 2097 1625 2162 trucium.

400 2249 469 2329 Quo
489 2269 543 2330 spe
563 2247 665 2325 iretus,
686 2247 757 2311 iilud
781 2266 858 2329 opus
878 2245 1081 2328 aggrediendi,
1096 2247 1373 2330 Ampbibiorumqus
1394 2245 1533 2309 nudorum
1555 2254 1687 2327 systema
1709 2270 1775 2310 ner·

242 2376 347 2463 rosum
368 2402 536 2462 sceleratius
559 2397 754 2479 perlustrandi
776 2399 932 2461 consilium
954 2401 1030 2480 cepi,
1049 2434 1090 2446 -
1110 2419 1244 2477 rnsgunm
1279 2367 1350 2460 illud
1378 2396 1492 2478 quidem
1514 2402 1651 2480 viresqne
1672 2404 1775 2463 tironis

241 2549 301 2613 lere
321 2549 477 2616 excedens.
518 2548 606 2629 Quod
627 2558 722 2612 tanum
745 2557 776 2612 ut
796 2551 893 2631 aliqua
914 2549 1019 2612 saltem
1050 2570 1086 2611 ex
1106 2557 1189 2631 paris
1210 2569 1422 2631 consequerer,
1456 2553 1559 2611 eximis
1579 2549 1775 2613 illustrissimi

241 2704 294 2764 riri
311 2699 342 2766 sl.
363 2699 490 2763 Mueller
511 2700 578 2761 mibi
601 2702 725 2776 contigit
744 2697 932 2774 iiberalitate,
966 2704 1014 2777 qni
1046 2719 1104 2760 oon
1125 2699 1220 2760 solum
1242 2699 1324 2760 libris
1346 2699 1472 2776 benigne
1493 2698 1563 2760 mibi
1583 2699 1775 2780 suppeditan-

241 2848 288 2913 dis
309 2870 355 2913 me
375 2848 502 2927 adiuvit,
532 2844 586 2911 sed
618 2851 705 2910 eiiam
727 2868 919 2930 quaecunque
951 2851 979 2910 iu
1002 2847 1110 2911 Museo
1130 2848 1229 2928 Regio
1260 2851 1424 2911 anatomico
1453 2848 1706 2912 courservabsntur
1726 2872 1774 2914 ra-

240 3003 317 3064 riora
347 3000 435 3062 buius
468 2999 579 3063 ordinis
610 2997 747 3063 animalia
778 2998 975 3078 invcstigaudi
1008 2999 1076 3060 mibi
1110 3003 1223 3081 parauit
1253 2998 1428 3064 laenitatem.
1469 2995 1579 3061 Fecere
1605 3001 1695 3078 igitur
1715 3022 1774 3064 non

239 3165 362 3236 possum
395 3156 465 3235 quin
495 3154 606 3231 gratias
637 3169 721 3230 agam
753 3152 1009 3232 praestantissimo
1041 3153 1103 3213 viro
1134 3168 1219 3232 quam
1247 3153 1400 3225 maximas,
1435 3154 1542 3231 quippe
1564 3153 1648 3211 euius
1670 3153 1774 3215 eximia
1900 3170 1903 3175 ⁴

240 3304 414 3367 liberalitate
435 3305 475 3366 sii
495 3301 616 3376 lucium,
650 3303 692 3361 nti
713 3303 767 3377 iis,
801 3321 876 3382 quae
900 3305 929 3363 io
951 3305 1012 3380 agri
1034 3299 1236 3363 Berolinensis
1268 3298 1392 3362 lacubus
1425 3298 1640 3380 paludibusque
1662 3305 1774 3381 vivunt,

239 3410 407 3537 Ampbibiis
430 3418 520 3531 nudis¹
538 3449 725 3515 disserendis
749 3472 793 3513 me
815 3455 966 3514 continere
987 3472 1046 3514 non
1068 3450 1225 3528 debuerim,
1248 3449 1303 3515 sed
1325 3455 1451 3529 omnium
1472 3449 1532 3513 lere
1553 3451 1640 3514 buius
1662 3451 1775 3518 ordinis

241 3605 409 3669 familiarum
432 3608 461 3665 iu
483 3604 577 3666 iucem
600 3603 726 3684 prolerre
747 3607 858 3684 possim
881 3602 1104 3684 descriptiones.

400 3753 469 3835 ipsa
501 3775 536 3816 ea
567 3763 673 3830 autem,
704 3774 779 3832 quae
809 3752 864 3814 boc
896 3752 982 3815 modo
1015 3754 1081 3815 mibi
1103 3752 1200 3815 oblata
1222 3760 1270 3814 est
1291 3755 1428 3815 rnaiertae
1448 3758 1532 3833 copia
1554 3774 1600 3815 me
1622 3755 1775 3835 probibuit,

240 3910 396 3989 quominus
427 3911 518 3967 ioiuro
549 3903 622 3969 illud
653 3922 730 3967 nunc
761 3907 816 3965 iam
839 3922 1035 3982 consequerer
1056 3907 1246 3984 propositum,
1265 3922 1352 3984 quum
1375 3906 1461 3964 nimia
1483 3907 1621 3985 temporis
1643 3905 1773 3967 brevitas

240 4077 287 4119 ms
308 4059 448 4136 coegerit,
468 4066 500 4117 ut
520 4054 641 4129 cerebri,
662 4074 815 4117 nervorum
838 4053 1005 4135 spinolium,
1027 4057 1107 4116 nervi
1129 4053 1302 4135 sympaibini
1324 4054 1433 4116 iormas
1462 4054 1580 4115 uberius
1610 4055 1774 4140 exponendi

237 4208 395 4287 ¹consilinm
417 4211 445 4269 in
466 4206 546 4269 eliud
566 4209 863 4287 reticerem-tenpus.
902 4201 1025 4267 Paucae
1045 4205 1099 4266 bre
1121 4204 1341 4287 qualescunque
1360 4203 1537 4281 schedulae,
1559 4223 1633 4284 quas
1654 4204 1691 4266 da
1711 4204 1774 4266 Re-

240 4355 353 4441 ptiiinm
376 4355 516 4419 nudorum
541 4358 638 4419 nervis
661 4355 859 4417 cerebrelibns
880 4358 1052 4453 corrseripsi,
1075 4359 1171 4418 omnia
1191 4363 1271 4431 surii,
1293 4377 1368 4437 quae
1390 4377 1467 4419 nnuc
1494 4359 1549 4419 iam
1572 4358 1601 4418 in
1625 4354 1774 4436 publicum

239 4507 366 4589 prolerre
383 4507 479 4573 .lioet;
509 4507 601 4568 lavori
632 4528 695 4585 eas,
726 4505 983 4586 indulgentiaeque
1014 4505 1221 4570 bersevolorum
1253 4492 1411 4572 [rectorum
1432 4506 1523 4570 seusei
1545 4510 1707 4591 iterumque
1726 4528 1774 4572 ιι-

242 4655 459 4747 commendsiqs
479 4676 551 4727 esse
572 4657 668 4722 velim.
