4066 5768
954 215 1046 317 16

240 490 355 553 melium
388 486 507 551 ordines
540 485 774 568 contemplantes
808 484 837 549 id
869 489 1017 566 possimus
1043 504 1236 565 cognoscere,
1261 483 1342 568 quod
1364 494 1465 549 nntnre
1486 490 1612 548 creatrix
1631 483 1791 567 singulam

238 637 383 720 quendem
420 637 554 700 inmitium
592 636 744 699 lormsndo
776 636 890 698 efficere
921 636 1056 701 voluterit.
1076 670 1117 682 -
1137 634 1228 714 Quid,
1257 632 1337 716 qnod
1357 633 1460 697 eedem
1481 635 1556 697 boec
1576 634 1789 714 cognoscendi

241 793 316 850 retio
342 791 428 849 etiem
455 791 493 855 in,
515 797 634 883 externe
654 787 781 851 eiicnins
802 789 919 867 generis
940 785 1031 847 lorms
1053 783 1258 863 investigando
1279 784 1368 847 bebet
1387 786 1503 847 locum?
1525 784 1634 848 Verum
1653 785 1792 848 alicuius

242 938 380 1000 errimslis
402 936 498 1012 finem,
519 956 679 1019 verumque
699 939 795 1017 ipsius
816 944 957 1010 netursm,
978 939 1020 995 uti
1042 933 1206 1014 intelligere
1227 956 1285 997 riou
1305 939 1426 1016 poteris,
1445 939 1503 997 uisi
1522 936 1643 999 eliorum
1663 955 1793 1018 quoque

242 1089 355 1150 hebens
387 1092 545 1149 retinueme
575 1090 622 1149 sic
653 1089 740 1148 etism
767 1089 880 1149 interne
899 1088 1032 1166 corporis
1052 1088 1235 1147 constructio
1255 1104 1325 1147 vere
1344 1090 1488 1164 cognosci
1510 1106 1568 1149 non
1591 1094 1702 1169 potest,
1724 1087 1790 1148 uisi

240 1258 305 1301 cum
327 1237 449 1299 eliorum
470 1236 569 1298 lormis
589 1255 625 1298 es
646 1244 839 1317 comparetur.
860 1273 897 1285 -
919 1232 1006 1313 Ques
1028 1237 1172 1312 igiturex
1192 1235 1301 1313 singuli
1322 1235 1474 1297 ouinsdem
1503 1237 1638 1297 euimslis
1671 1239 1786 1297 nnius-

240 1407 296 1469 quc
328 1390 445 1466 generis
478 1385 650 1446 lormntione
681 1384 847 1463 indagando
879 1392 1105 1462 cognoscuntur,
1132 1384 1252 1444 lrnctunr
1275 1383 1391 1464 quidem
1413 1383 1489 1445 bend
1512 1405 1632 1466 pervum
1654 1386 1789 1447 ederunt

139 1566 141 1572 ¹
240 1538 413 1619 exploranti,
447 1554 536 1616 quum
569 1532 655 1595 bssin
688 1553 725 1596 sn
758 1540 843 1615 quusi
877 1508 1038 1616 praebesbl
1070 1532 1263 1614 amplioribus
1290 1534 1519 1611 cognitionibus,
1541 1538 1660 1597 minoris
1680 1545 1789 1597 temen

241 1686 352 1749 idcirco
370 1690 448 1756 suut,
462 1687 611 1759 momenti,
632 1681 709 1764 qnod
731 1683 822 1765 plere·
834 1703 926 1763 seeps
945 1682 1055 1744 er'tstt
1074 1682 1258 1761 singulorum
1273 1685 1669 1762 insanientium-orientur,
1686 1685 1783 1765 tpusm

243 1838 394 1898 solventur
414 1833 601 1914 problemate.
690 1890 693 1895 ,
746 1856 774 1887 1·
818 1840 822 1845 '

403 1982 493 2063 Quod
524 1982 640 2054 uuidere
673 1981 834 2062 Reptilium
866 1981 1008 2045 nudorum
1040 1985 1140 2044 nereis
1172 1982 1360 2062 explorandis
1388 2004 1468 2046 novo
1488 1983 1676 2047 confirmetur
1696 2004 1790 2063 ergn-

243 2143 349 2212 mento,
385 2155 473 2216 qunrn
505 2100 721 2195 Ecnudntornur
754 2134 883 2195 solorum
905 2094 1047 2213 'systema
1078 2152 1235 2194 nervosum
1267 2137 1436 2215 respicienti
1468 2134 1635 2214 complures
1656 2154 1789 2213 magnes

239 2252 487 2363 'dilficillinreeque
517 2289 683 2344 exoriuntur
715 2287 918 2364 queestiones,
948 2303 1024 2364 quoe
1054 2303 1089 2343 ex
1115 2282 1210 2343 solius
1231 2282 1319 2343 buius
1340 2254 1465 2345 lerniline
1486 2286 1638 2345 neruorum
1660 2286 1790 2346 investi·

244 2438 371 2515 petione
402 2408 480 2494 bend
511 2432 596 2494 lecile
627 2441 731 2493 esseut
751 2429 970 2513 disceptnndee.
1013 2430 1148 2493 Vidimus
1168 2431 1319 2515 complure
1341 2436 1369 2494 in
1390 2433 1482 2496 bucce
1502 2434 1609 2495 inmitia
1631 2454 1791 2496 nervorum

246 2589 326 2666 peris
358 2551 494 2658 conubis,
525 2601 672 2644 numerum
705 2580 774 2641 indo
795 2601 946 2642 nervorum
968 2581 1156 2642 cerebrelium
1178 2579 1262 2642 uelde
1284 2587 1475 2658 imminutum,
1497 2593 1526 2644 et
1546 2585 1678 2644 nonnulli
1700 2540 1791 2665 pres-

245 2745 326 2795 teree
357 2737 539 2814 reperiuntur
571 2735 642 2792 remi
674 2729 750 2793 edco
782 2732 959 2809 singulares,
986 2695 1107 2810 qrrorunl
1135 2736 1164 2791 in
1191 2720 1308 2792 bouuiue
1328 2732 1587 2814 superioribusque
1607 2720 1801 2799 animalibus

247 2883 357 2944 nullum
389 2840 482 2963 primo
516 2885 652 2961 espectni
673 2901 707 2941 se
728 2877 866 2941 ostendat
887 2883 1052 2958 vestigium.
1094 2840 1247 2959 Quocunrn
1267 2886 1329 2944 siut
1350 2886 1568 2944 coniunctorum
1590 2888 1712 2946 istorum
1735 2907 1790 2968 ps·

247 3037 320 3095 rium
356 3006 464 3112 peries,
500 3033 618 3112 quinem
654 3052 689 3091 ex
722 3031 852 3110 gnrrgliis
887 3037 1017 3093 orientes
1051 3035 1121 3092 romi
1156 3031 1354 3110 respondeant
1387 3034 1514 3112 siugulis
1536 3039 1642 3110 nervis,
1668 3040 1792 3115 quinem

248 3188 330 3243 nervi
362 3181 487 3260 deniqne
518 3183 546 3240 in
577 3180 779 3254 superioribus
801 3182 977 3244 vertebratis
996 3180 1160 3242 rudimenta
1181 3185 1266 3262 quasi
1288 3194 1317 3242 et
1337 3183 1464 3262 urrelogn
1486 3138 1635 3262 rrooornru,
1656 3206 1734 3266 quos
1755 3192 1789 3250 in

248 3330 414 3397 Betrecbiis
447 3333 622 3404 invenimus,
653 3350 804 3390 nervorum
836 3334 896 3391 siut
927 3329 1077 3392 babendo:
1102 3334 1200 3393 omnin
1221 3332 1331 3394 beecce
1350 3334 1540 3416 problcrneto,
1561 3341 1675 3398 etiamsi
1696 3357 1790 3419 quem

253 3483 491 3560 ingeniosissima
525 3482 665 3541 institues
698 3483 906 3563 experimenta,
947 3481 1023 3542 berrd
1045 3486 1084 3543 ite
1106 3482 1190 3555 facilc
1210 3482 1371 3560 dissolves,
1392 3487 1449 3546 nisi
1472 3507 1536 3548 curn
1558 3488 1678 3568 reliquis
1699 3487 1793 3552 buius

252 3631 363 3692 ordinis
395 3630 496 3692 formis
529 3638 660 3709 systema
683 3616 839 3693 nervosum
862 3613 1076 3693 Ecnudetornm
1098 3653 1260 3715 compares.
1301 3638 1346 3696 Ac
1367 3634 1495 3715 prolecto
1517 3637 1592 3698 band
1614 3641 1695 3718 pnrvi
1716 3659 1792 3702 esse

254 3782 393 3842 momenti
425 3777 501 3840 bane
527 3782 784 3859 comparationem,
806 3788 835 3840 et
855 3780 893 3840 ed
916 3785 1011 3844 omnia
1032 3783 1094 3859 ille,
1115 3802 1190 3864 ques
1211 3787 1298 3845 unius
1319 3785 1398 3846 illins
1419 3746 1545 3849 lumiliee
1566 3809 1673 3851 nervos
1694 3795 1793 3872 respi-

252 3927 397 3992 cientibus
430 3927 558 3989 obseure
589 3936 677 4009 etque
711 3928 850 4008 impedite
883 3940 1061 4010 rociensem,
1092 3932 1187 3994 breem
1216 3934 1320 3995 eiicere
1340 3954 1425 4016 quern
1447 3899 1615 4002 maximnm:
1636 3960 1671 4001 ex
1692 3941 1790 4020 hisce,

253 4099 329 4160 quse
349 4067 558 4181 iruequurrtur,
578 4075 844 4160 disquisitionibus,
865 4087 897 4140 nt
909 4048 1036 4161 opinor,
1050 4082 1187 4147 elucebit

967 4228 994 4306 b.
1036 4233 1063 4293 l.

411 4375 505 4456 Quod
531 4381 652 4459 primum
678 4370 771 4441 eden
792 4383 1007 4487 ettinet'perin,
1029 4380 1135 4465 quibus
1156 4386 1280 4485 musculi
1301 4386 1450 4449 oculorum
1473 4393 1571 4453 nervis
1592 4397 1790 4476 instruuntur,

252 4531 375 4593 mexims
405 4525 501 4602 doleo,
531 4547 577 4589 mc
606 4526 788 4591 solummodo
818 4533 847 4592 in
874 4518 1019 4613 prioribus
1041 4531 1156 4598 duobus
1178 4535 1264 4599 buius
1287 4534 1399 4600 ordinis
1419 4537 1537 4610 loniliis
1557 4562 1658 4611 serunt
1679 4510 1806 4615 mu-
