4066 5768
969 183 1052 279 18

245 454 331 533 cedit,
351 451 539 518 similitudino
559 458 697 533 apparet;
721 451 816 513 solnm
837 453 914 512 enim
935 447 1103 527 discrimen,
1124 468 1182 531 qno
1203 448 1242 512 sb
1262 448 1313 511 illo
1335 445 1440 526 differt,
1460 452 1490 512 in
1511 468 1548 512 eo
1568 454 1617 512 eet
1638 452 1781 532 positum,

245 605 324 688 quud
353 608 383 667 in
416 623 462 680 eo,
495 601 533 664 de
566 622 625 684 qno
655 622 735 664 nuno
758 604 865 680 egitur,
885 621 992 680 genere
1012 622 1048 664 ex
1069 603 1135 683 ipso
1156 600 1216 663 lere
1237 601 1357 680 genglio
1380 603 1480 677 oritur,
1500 621 1588 683 quum
1609 604 1639 663 in
1661 599 1781 664 Bulone

243 757 293 819 ille
312 775 331 818 e
351 774 431 819 reno
450 753 574 832 iugulari
595 751 710 815 demum
731 756 891 819 emittatur.

400 904 516 968 Remus
546 905 690 983 iugularis
721 901 845 985 denique
855 902 906 983 (1)
939 903 1084 986 extemplo
1109 901 1147 966 nd
1168 905 1317 984 posterius
1338 908 1369 964 et
1388 905 1526 982 superius
1545 901 1671 966 flectitur
1692 912 1722 966 st
1742 907 1776 966 in

244 1056 376 1120 moelem
405 1060 489 1119 oseis
517 1058 629 1136 petrosi
653 1055 712 1118 sibi
732 1058 878 1138 proprium
898 1057 996 1119 intrat.
1038 1052 1097 1117 Per
1117 1074 1203 1135 quem
1223 1053 1356 1116 uenalem
1377 1052 1428 1115 ills
1449 1072 1635 1136 pergressus,
1657 1053 1779 1135 qnando

242 1212 273 1271 in
293 1211 444 1289 superiore
474 1209 635 1289 posteriore
661 1207 750 1268 hunius
770 1210 853 1268 ossis
871 1207 963 1268 latere
983 1203 1022 1267 ed
1042 1213 1234 1287 conspectum
1254 1209 1343 1281 venit,
1364 1203 1401 1267 ad
1422 1207 1571 1284 posterius
1592 1223 1628 1267 se
1648 1225 1776 1268 conver-

242 1362 278 1420 tit
298 1358 470 1440 relatusque
488 1376 507 1419 e
528 1355 663 1419 musculo
682 1362 865 1444 protrentnre
883 1358 1025 1439 scapulae
1045 1360 1209 1437 superioris
1222 1377 1286 1418 cum
1302 1376 1382 1418 ramo
1397 1359 1629 1419 communicante
1643 1331 1778 1419 Gloeso-

241 1508 401 1589 plmryngei
421 1527 493 1569 sese
511 1508 672 1585 coniungit.
712 1506 846 1571 Emissis
863 1505 969 1570 deiude
999 1506 1119 1570 dnobus
1149 1508 1283 1584 romulis,
1301 1509 1351 1589 qui
1387 1506 1554 1568 musonium
1580 1515 1785 1588 tympanoma·

163 1717 167 1732 ,
239 1657 371 1720 xillarem
401 1655 662 1719 transscendentes
693 1660 723 1718 in
755 1660 825 1739 ipso
848 1658 907 1720 hon
925 1657 1064 1720 musonio
1084 1656 1231 1735 lirrirrntur,
1250 1655 1288 1719 ad
1308 1656 1429 1720 interius
1450 1657 1499 1719 ille
1519 1658 1644 1720 flectitur
1664 1665 1694 1719 et
1714 1658 1775 1722 sub

242 1807 377 1871 musculo
410 1804 500 1870 modo
532 1810 681 1871 nominato
713 1826 888 1889 pergressus
920 1827 1011 1890 prope
1044 1808 1226 1871 maxillarum
1251 1807 1392 1887 angulum
1412 1807 1450 1870 ad
1471 1816 1661 1890 conspectum
1684 1813 1777 1875 venit.

241 1959 427 2022 Anteriorem
459 1959 499 2020 ilri
521 1956 692 2038 ·glsndulae
719 1922 863 2041 parotidis
891 1968 1001 2038 partem
1027 1958 1176 2041 perforans
1197 1962 1226 2021 in
1248 1958 1324 2022 dnos
1343 1962 1466 2042 partitur
1486 1980 1593 2023 ramos.
1635 1963 1777 2022 Anterior

241 2108 358 2173 duobus
378 2111 425 2171 vel
445 2110 541 2172 tribus
559 2109 765 2172 subtilissimis
783 2109 843 2173 tilis
861 2109 900 2174 ed
920 2114 1052 2173 anterius
1072 2111 1171 2186 editis,
1191 2115 1240 2193 qui
1263 2114 1291 2172 in
1315 2116 1434 2191 regione
1448 2109 1539 2172 lobuli
1555 2115 1665 2173 creanti
1680 2131 1772 2192 prope

240 2262 378 2341 ungulum
413 2265 474 2324 oris
506 2265 596 2342 positi
630 2260 776 2338 finiuntur,
809 2268 878 2342 ipse
909 2281 1028 2343 quoqne
1060 2269 1156 2323 cutem
1191 2263 1328 2324 maxillae
1359 2262 1503 2325 inferioris
1524 2264 1644 2323 instruit
1665 2265 1776 2327 nervis.

241 2409 393 2477 Posterior
424 2413 530 2474 iterum
562 2410 641 2475 dnos
672 2432 742 2475 mox
772 2416 878 2476 emittit
912 2432 1034 2489 neruos,
1057 2416 1196 2475 nnumin
1217 2421 1297 2490 onte,
1316 2412 1454 2496 qundno
1473 2413 1608 2474 maxillae
1628 2412 1776 2475 interioris

241 2583 324 2625 crura
358 2566 512 2645 utriusqus
542 2563 646 2624 leteris
679 2571 750 2624 sunt
784 2569 950 2638 coniuncte,
984 2563 1150 2638 finiendum,
1176 2564 1300 2624 ulturum
1323 2568 1480 2625 introrsum
1511 2564 1624 2638 flexum,
1656 2567 1778 2644 entique

240 2716 406 2776 arctissime
435 2712 653 2776 adhaerentem.
692 2710 757 2773 Une
788 2731 854 2773 oum
879 2731 957 2773 vena
975 2731 1066 2792 perus
1085 2712 1124 2787 is,
1144 2730 1222 2791 qnae
1241 2709 1439 2775 difficillimam
1459 2710 1555 2774 reddit
1576 2715 1672 2793 ipsius
1691 2733 1779 2794 prae-

241 2863 433 2942 parationem,
454 2859 605 2941 usquead
628 2859 755 2921 modium
774 2868 881 2940 pentus
899 2859 1039 2942 procedit,
1060 2864 1092 2923 in
1109 2831 1178 2923 onte
1198 2863 1238 2924 ibi
1259 2861 1413 2928 liniendus.

399 3011 446 3074 lix
477 2975 599 3091 ganglio
627 3009 725 3091 Vagi
757 3020 822 3074 tres
852 3015 986 3075 oriuntur
1003 3014 1099 3089 nerui,
1116 3029 1219 3073 ramus
1238 3018 1390 3087 eutaneus,
1411 3031 1513 3073 ramus
1541 3012 1776 3093 glossoplrsryn·

242 3184 327 3244 gens,
347 3183 448 3226 ramus
466 3160 655 3224 intestiualis.

399 3311 516 3375 Ramus
544 3310 749 3389 cutaneuslil
779 3308 891 3388 endem,
921 3331 980 3393 qun
1009 3314 1040 3373 in
1060 3309 1147 3375 Rana
1166 3318 1197 3373 et
1217 3309 1295 3392 Hyla
1315 3314 1479 3374 instructus
1499 3319 1546 3374 ost
1566 3312 1666 3388 forma,
1687 3311 1774 3374 modo

238 3424 387 3526 ut·mu¹t⁰
419 3463 571 3545 amplioris
605 3466 646 3523 sit
679 3463 846 3540 voluminis,
878 3483 966 3546 quam
989 3466 1020 3526 in
1040 3463 1103 3526 illis
1120 3463 1290 3552 generibus.
1330 3463 1438 3524 'l'sndil
1459 3472 1556 3525 arrtsm
1578 3463 1615 3525 ad
1636 3468 1776 3540 exterius,

239 3613 437 3694 glandulnque
455 3612 596 3695 perutile,
617 3634 696 3695 quae
714 3615 772 3676 sub
793 3623 862 3676 oute
881 3615 923 3676 ibi
941 3616 1025 3692 latet,
1045 3613 1200 3697 perforate,
1223 3618 1255 3675 in
1274 3617 1341 3694 ipsa
1361 3621 1430 3675 oute
1448 3613 1632 3695 expenditur..

399 3762 699 3845 Glossoplnaryngsus
712 3763 770 3841 (3),
792 3785 854 3847 quo
872 3783 969 3844 genus
989 3763 1077 3845 Pipa,
1096 3785 1273 3846 quemqnam
1292 3765 1393 3843 lingua
1413 3768 1530 3826 omnino
1554 3784 1671 3840 carens,
1697 3770 1776 3846 pari-
1801 3822 1805 3837 ,

240 3924 287 3977 ter
314 3923 405 3996 atque
434 3917 531 3976 omnia
560 3914 651 3977 liuius
679 3914 792 3977 ordinis
810 3934 919 3996 genera
939 3922 989 3978 est
1008 3919 1194 3994 instructum,
1214 3915 1430 3979 subtilissimus
1449 3935 1504 3996 pro
1523 3923 1689 3978 ceterorum
1710 3936 1776 3976 ner·

245 4190 455 4202 -η--ι--υυ-

273 4326 275 4331 ’
402 4329 443 4394 (l)
462 4326 530 4383 Tan.
549 4328 581 4384 11.
610 4331 670 4402 lig.
691 4329 761 4396 14¹1.

401 4432 441 4500 (1)
459 4433 528 4494 tan.
549 4433 580 4490 11.
611 4435 672 4507 mg.
692 4438 717 4503 1,
735 4454 763 4508 p.

400 4540 442 4608 (3)
460 4540 527 4603 Tan.
546 4540 579 4603 ll.
608 4542 668 4615 llig.
690 4544 713 4610 1,
732 4541 760 4603 9.
