4066 5768
968 280 1050 373 1⁷

403 546 488 609 Alter
517 550 589 609 rami
624 547 737 609 uocalis
768 560 868 608 ramus
892 551 973 610 recte
995 545 1032 610 ed
1052 549 1184 611 anterius
1205 544 1347 626 procedit,
1368 553 1475 624 cutem,
1496 548 1702 631 musculosque
1721 567 1773 612 ne-

245 703 319 762 rium
340 697 488 762 leseiculis
510 702 576 760 suis
598 705 804 759 instructurus.

403 847 517 910 Romus
551 847 709 909 maxillaris
742 848 1031 929 ¹rsrrpe=rior(l),inter
1064 845 1218 908 musculos
1238 847 1424 928 temporalem
1447 853 1476 908 et
1498 851 1716 927 massetcricnm
1738 847 1776 910 ed

246 1002 375 1063 exterius
410 997 502 1059 flexus
535 1002 565 1058 in
599 996 699 1079 plnres
732 997 904 1060 dissolvitur
924 1018 1043 1061 nervos.
1084 996 1297 1076 Quornmalii,
1318 1000 1464 1076 anteriora
1484 966 1630 1078 petentes,
1651 1003 1679 1060 in
1701 1007 1777 1075 cute,

246 1170 322 1233 qnae
355 1156 424 1211 ante
457 1154 487 1210 et
519 1167 607 1240 snpra
637 1148 755 1243 oculum
790 1158 838 1211 est
870 1153 969 1230 posita
1002 1148 1149 1225 finiuntur,
1184 1148 1243 1226 alii,
1268 1156 1338 1228 post
1364 1151 1440 1212 oculi
1462 1149 1579 1213 bulbum
1600 1149 1638 1212 ad
1658 1149 1778 1213 interius

249 1299 476 1374 descendentes,
497 1306 593 1361 cutem
615 1248 751 1360 maxillnd
770 1302 918 1383 instruunt
934 1302 1045 1381 nervis.

405 1448 518 1512 Romus
539 1449 698 1514 maxillaris
718 1427 894 1529 in'leriorffl)
918 1448 1004 1541 modo
1025 1471 1042 1510 e
1062 1450 1180 1529 ganglia
1202 1457 1286 1511 ortus
1306 1449 1447 1512 romulum
1470 1455 1571 1514 stetim
1591 1448 1630 1512 ud
1653 1453 1779 1511 exterius

248 1602 355 1663 emittit
374 1603 404 1661 in
425 1597 501 1661 dnos
523 1619 588 1661 mox
607 1620 715 1662 nervos
736 1598 923 1678 dissolutum,
940 1611 1031 1699 {unum
1053 1603 1083 1662 iu
1105 1601 1238 1663 musculo
1258 1602 1449 1679 massetcricn
1470 1597 1638 1677 finiendum,
1657 1570 1779 1663 ultorum

249 1750 365 1829 longius
395 1748 433 1812 ad
464 1754 591 1813 exterius
625 1750 857 1830 progredientem
889 1759 919 1811 et
940 1755 973 1812 in
996 1752 1131 1812 musculo
1151 1727 1300 1831 tenporali
1323 1770 1358 1812 se
1378 1768 1581 1831 expensurum.
1604 1789 1641 1800 -
1663 1749 1780 1828 Quibus

144 1949 147 1953 «
249 1904 349 1963 nervis
370 1899 457 1963 editis
478 1921 575 1962 ramus
598 1901 755 1995 noster-ad
777 1904 907 1963 anterius
928 1920 1104 1981 progressus
1126 1920 1214 1982 supro
1236 1900 1399 1962 musculum
1422 1902 1608 1982 temporalem
1638 1899 1675 1962 ad
1702 1908 1781 1964 exte·

249 2055 311 2112 rins
332 2071 366 2112 se
401 2056 559 2126 convertit,
591 2037 770 2133 cumulisque
791 2056 893 2114 iterum
915 2049 1031 2113 duobus
1053 2054 1082 2111 in
1103 2050 1182 2113 hunc
1203 2050 1366 2113 musculum
1388 2053 1507 2112 emissis
1527 2053 1585 2112 iter
1604 2070 1709 2114 versus
1728 2071 1781 2114 nu-

250 2203 349 2282 qulom
380 2155 563 2263 maxillarum·
593 2207 785 2284 persequitur.
827 2202 898 2266 Tria
925 2203 972 2264 vel
994 2211 1132 2285 quattuor
1152 2201 1193 2262 ibi
1215 2222 1250 2262 ex
1270 2206 1335 2282 ipso
1357 2205 1488 2264 oriuntur
1508 2205 1606 2264 tenuia
1627 2201 1685 2280 tila,
1707 2222 1783 2284 quae

251 2372 308 2414 une
331 2373 395 2414 cum
418 2352 593 2431 quibusdam
614 2375 632 2416 a
651 2374 732 2415 ramo
753 2334 881 2433 iugulari
899 2356 1018 2417 emissis
1040 2355 1138 2414 nervis
1158 2351 1197 2414 ad
1218 2357 1351 2416 anterius
1373 2351 1534 2434 procedunt
1554 2359 1584 2414 et
1608 2355 1638 2414 in
1664 2356 1785 2432 regions

251 2502 350 2571 lobnli¹
376 2508 458 2578 parvi
491 2508 611 2579 crenati,
646 2524 704 2584 quo
739 2503 867 2581 angulus
890 2507 950 2565 oris
972 2511 1020 2564 est
1046 2512 1177 2579 ornatus,
1198 2502 1408 2584 expanduntur.
1450 2501 1519 2582 lpse
1540 2522 1649 2564 nervus
1670 2501 1784 2580 deinde,

251 2653 302 2714 ubi
333 2654 369 2714 ad
402 2652 546 2713 maxillam
567 2651 728 2713 inferiorem
750 2655 895 2732 pervenit,
915 2672 1025 2713 samum
1048 2673 1113 2713 mox
1131 2652 1187 2713 hoo
1212 2672 1247 2714 os
1269 2649 1558 2728 transscendentem,
1580 2653 1786 2733 musculosque

252 2801 488 2883 mylolryoideum
523 2812 553 2864 et
586 2801 865 2883 sternnmyloidenm
900 2807 1091 2864 instruentem
1127 2806 1248 2878 emittit,
1275 2800 1342 2863 dnm
1364 2805 1430 2882 ipse
1450 2806 1574 2883 priorem
1597 2800 1786 2864 directionem

253 2957 447 3034 persequitur,
478 2961 508 3013 et
538 2956 567 3012 iu
603 2961 721 3013 externo
752 2950 887 3013 maxillae
907 2952 1052 3014 inlerioris
1073 2954 1164 3015 latere
1185 2973 1278 3031 usqne
1298 2950 1335 3014 sd
1356 2954 1445 3014 menti
1466 2955 1577 3033 apicem
1600 2971 1786 3033 progressus,

253 3107 283 3165 in
304 3110 371 3165 cute
391 3104 442 3178 ibi,
463 3123 521 3184 qua
542 3104 666 3171 honest
688 3109 806 3177 tectum,
828 3101 934 3166 linitur.

335 3300 343 3315 .
415 3253 536 3315 Tertius
559 3259 608 3336 qui
630 3257 659 3315 in
681 3254 757 3337 Pipa
779 3276 814 3316 ex
835 3254 953 3332 ganglio
974 3253 1099 3315 Gesseri
1121 3257 1247 3315 exoritur
1268 3272 1376 3313 nervus
1388 3251 1436 3328 (3)
1457 3255 1486 3312 in
1513 3250 1587 3313 duos
1617 3272 1682 3313 mox
1713 3251 1787 3315 divi-

254 3377 350 3468 ditur⁴
365 3425 473 3480 ramos,
495 3426 617 3486 quornm
650 3407 734 3480 alter,
766 3425 865 3465 ramus
887 3405 1045 3486 palatinus,
1067 3403 1188 3467 eandem
1211 3407 1338 3480 omniun,
1359 3423 1444 3481 quam
1466 3405 1495 3462 in
1516 3401 1639 3477 Bulone‚
1661 3401 1789 3465 ostendit

254 3555 383 3621 turmam.
424 3554 510 3616 Alter
540 3554 578 3617 ad
610 3560 741 3617 exterius
773 3577 808 3617 se
829 3559 982 3631 convertit,
1011 3575 1106 3635 usque
1126 3554 1163 3615 od
1184 3554 1322 3633 angulum
1344 3552 1526 3613 maxillarum·
1548 3551 1739 3631 progreditur,
1759 3556 1789 3614 in

255 3707 401 3768 maxillam
429 3704 591 3767 inferiorem
612 3711 729 3786 transit,
749 3715 779 3768 et
799 3706 915 3781 deinde,
936 3705 1095 3768 directions
1115 3713 1224 3766 murteta
1232 3747 1241 3778 ,
1262 3702 1299 3765 ad
1320 3705 1449 3764 anterius
1470 3702 1606 3778 flectitur,
1626 3706 1656 3763 in
1676 3704 1789 3765 interna

257 3863 316 3922 nris
348 3856 525 3932 membrano,
545 3866 577 3919 nt
597 3856 721 3934 ridetur,
742 3878 776 3918 se
797 3877 990 3941 expensurus.
1032 3856 1126 3935 Quem
1148 3875 1267 3917 nervum
1290 3875 1355 3915 cnm
1379 3874 1415 3915 eo
1438 3853 1560 3916 Bnlouie
1581 3873 1700 3914 nervum
1720 3873 1789 3915 esse

257 4006 492 4088 comparandum,
514 4028 599 4089 quem
621 4029 730 4070 ramum
753 4009 907 4072 mentalem
929 4011 1152 4084 nominavimus,
1173 4026 1209 4068 ex
1230 4025 1347 4085 magna,
1368 4024 1444 4085 quse
1465 4024 1529 4065 cum
1551 4003 1608 4065 hoe
1627 4007 1685 4085 ipsi
1700 4007 1790 4066 iuter-

258 4231 470 4240 -—--—-—--

417 4405 458 4468 (Ι)
478 4402 546 4458 Tan.
565 4403 597 4461 ll.
630 4403 688 4474 urg.
709 4407 732 4465 l,
752 4421 794 4459 ee.

420 4509 460 4576 (2)
481 4510 548 4569 Talo.
568 4510 600 4564 ll.
630 4510 690 4581 urg.
711 4514 733 4575 l,
754 4529 780 4564 e.

419 4616 459 4684 (3)
479 4614 547 4697 Tan.
568 4616 601 4671 ll.
634 4617 820 4689 rog.1‚t,g.
