4066 5768
863 293 947 401 21

134 564 218 642 ipsos
240 579 347 623 nervos
368 558 592 623 considerantes
613 579 762 622 numerum
785 578 927 622 ramorum
949 581 965 621 e
987 561 1180 642 parioquioti
1201 559 1322 640 ganglio
1343 563 1516 625 curiosorum
1533 563 1671 625 minorem

136 713 300 772 invenimus
332 729 418 792 quarn
449 710 568 777 inillis.
609 708 679 772 Duo
701 713 776 770 errim
797 717 908 805 tautum
929 712 1001 772 rami
1023 713 1052 771 iu
1074 708 1270 781 salamandra
1291 731 1328 772 ex
1351 710 1671 799 'l'rigeminonascuu-¹

133 868 188 935 tur,
220 879 320 933 ramus
354 860 466 922 amalis
500 866 530 922 et
563 879 667 929 remus¹
695 859 862 936 maxillaris,
896 864 980 923 cuius
1014 863 1157 925 imminuti
1184 863 1295 922 uuuneri
1316 880 1455 939 „caussam
1478 862 1575 943 parrllo
1596 862 1669 926 intra

135 1028 361 1090 cognoscemus.
471 1052 476 1075 ,

292 1157 406 1223 Ramus
437 1158 550 1221 nasalis
560 1156 618 1236 (1),
649 1156 766 1239 quaudo
796 1180 833 1234 ox
863 1161 982 1247 ganglia
1012 1170 1060 1224 est
1089 1167 1183 1238 ortus,
1212 1168 1274 1239 tres
1299 1164 1407 1241 statim
1430 1165 1537 1223 emittit
1557 1181 1668 1244 parvos
1819 1150 1850 1219 ··'['2

137 1329 245 1386 ramos,
275 1330 393 1388 quorum
418 1314 512 1384 iruna,
541 1308 580 1370 od
611 1312 751 1389 superius
783 1318 812 1371 et
844 1314 972 1373 exterius
992 1310 1085 1374 flexrrs
1107 1311 1268 1375 musculum
1289 1321 1399 1375 rectum
1422 1316 1601 1395 superiorem
1623 1316 1667 1375 in·

133 1465 221 1523 struit
256 1463 365 1535 nervis,
400 1458 533 1539 idemque
567 1467 614 1520 cst
647 1457 768 1533 nervus,
803 1481 888 1541 quem
910 1459 948 1522 ad
972 1461 1226 1540 Oculomotoqium
1248 1465 1393 1544 pertinere
1414 1482 1503 1544 supra
1526 1462 1667 1547 diximusq

133 1608 284 1673 secundus
308 1617 472 1671 antrorrum
504 1617 533 1670 et
564 1617 729 1671 extrorsum
761 1630 940 1692 progressus
972 1616 1110 1674 anteriori
1141 1611 1298 1694 palpebrae
1320 1615 1480 1692 superioris
1500 1616 1575 1694 parti
1597 1633 1667 1695 supg

132 1760 245 1842 peditat
275 1720 398 1844 nervos}
430 1763 544 1835 tertius,
577 1759 709 1821 secundo
735 1759 893 1823 admodum
914 1764 1094 1842 propinquus
1114 1761 1151 1822 ad
1173 1762 1337 1843 musculum
1360 1761 1509 1845 obliquum
1531 1767 1665 1846 superio7

128 1932 188 1975 rem
222 1909 406 1989 acceditffl).
447 1910 506 1988 Qui
538 1907 658 1990 'quidem
692 1914 719 1972 is
753 1908 867 1972 videtur
900 1931 970 1973 esse
1003 1930 1102 1974 ramus
1136 1916 1185 1993 qrri
1221 1934 1310 1997 nervo
1332 1911 1487 1976 Pathetico
1508 1935 1573 1982 cunr
1594 1935 1664 1994 pare

129 2065 242 2143 quinto,
264 2069 404 2141 utsupra
427 2062 625 2141 exposuimus,
647 2066 804 2123 coniuncto
825 2061 1012 2142 respoudeat
1035 2101 1072 2114 -

287 2211 400 2273 Romus
431 2211 543 2272 nasalio
575 2209 681 2271 deinde
711 2210 749 2272 ad
779 2216 954 2275 anteriorem
983 2212 1095 2274 orbitae
1123 2223 1234 2292 partem
1256 2212 1398 2295 procedit,
1419 2214 1516 2294 ibique
1537 2218 1566 2278 io
1588 2214 1665 2286 duos

128 2365 252 2445 partitur
282 2383 392 2437 ramos,
424 2381 545 2441 quornm
566 2368 689 2443 uterque
709 2382 776 2424 mox
796 2366 825 2423 in
847 2361 921 2425 duas
943 2362 1082 2425 dividitur
1102 2370 1212 2443 partes,
1234 2367 1274 2425 ita
1296 2371 1328 2425 ut
1348 2371 1377 2426 iu
1395 2373 1537 2444 quattuor
1557 2385 1663 2444 nervos

127 2512 292 2574 dissolutor
313 2532 411 2574 ramus
439 2511 551 2572 nasalis
573 2511 613 2571 ibi
635 2515 841 2592 conspiciatur.
883 2512 951 2573 Duo
973 2512 1010 2573 ad
1032 2517 1160 2575 exterius
1181 2467 1335 2577 flectuntur
1355 2521 1510 2595 cutemque
1531 2516 1664 2577 maxillae

126 2665 287 2744 superioris
318 2658 475 2740 provident
505 2661 616 2735 nervis,
648 2664 752 2722 tertios
783 2669 812 2722 at
844 2668 966 2741 quartus
996 2660 1033 2722 ad
1065 2664 1198 2724 anterius
1218 2681 1253 2723 se
1274 2672 1497 2740 convertentes,
1515 2664 1571 2726 sub
1592 2684 1663 2731 ossa

124 2812 219 2877 nasali
254 2808 488 2892 progrediuntur,
520 2810 593 2870 alter
624 2807 662 2870 ad
694 2811 844 2872 musculos
876 2813 989 2872 uarium
1010 2810 1168 2887 accedens,
1190 2812 1268 2875 alter
1288 2832 1384 2894 usque
1404 2812 1442 2875 ad
1463 2816 1576 2894 apicem
1598 2819 1663 2878 nasi

127 2962 328 3046 proficiscens,
350 2962 379 3020 iu
402 2968 469 3021 cute
490 2962 584 3039 ipsius
605 2957 761 3023 liniendos.

181 3121 184 3127 '
284 3109 399 3172 Romus
420 3107 578 3170 maxillaris
592 3109 657 3188 (3),
685 3109 802 3172 duobus
822 3112 922 3190 parvis
945 3109 982 3173 ad
1014 3109 1165 3172 musculos
1198 3115 1418 3172 rnassetericum
1450 3120 1480 3173 et
1510 3113 1661 3176 frontalem

124 3221 381 3336 emissionemis,
415 3262 444 3320 irr
467 3257 540 3320 duos
567 3223 633 3321 rnor
662 3265 785 3341 partitur
816 3279 928 3334 rannus,
963 3260 1139 3323 maxillarum
1166 3263 1344 3341 superiorem
1366 3270 1396 3323 et
1417 3262 1593 3344 maxillarem
1615 3267 1659 3325 in-

123 3416 265 3478 lerlorcm.

284 3559 370 3621 Prior
390 3556 523 3620 secundo
544 3559 636 3621 multo
657 3564 771 3621 tenuior
800 3563 877 3621 inter
906 3561 1093 3641 temporalem
1126 3570 1156 3622 et
1187 3564 1410 3624 rnassotericnm
1439 3561 1591 3638 ‚musculos
1611 3582 1660 3625 es-

122 3726 247 3779 trorsum
269 3708 417 3793 procedit,
449 3711 578 3774 raorulos
599 3694 740 3790 quosdam
772 3730 879 3793 parvos
909 3713 939 3772 io
959 3709 1128 3793 palpebram
1160 3709 1321 3811 inleniorr'or
1353 3714 1471 3785 emittit,
1506 3711 1659 3774 eteoclem

121 3868 181 3931 lora
212 3862 313 3937 modo,
348 3882 406 3942 quo
438 3864 467 3922 in
489 3859 604 3929 Brrlouo,
634 3863 709 3922 inter
740 3861 855 3925 oculum
886 3882 1118 3945 processumque
1148 3862 1372 3944 postorbitalem
1394 3861 1558 3941 (Rusconi)
1580 3868 1659 3926 ossis

122 4016 254 4099 quadrati
276 4020 440 4073 arrtrorsunr
464 4012 656 4092 progreditur,
677 4012 725 4072 fila
748 4015 885 4073 contiuuo
906 4017 1006 4075 tenuia
1028 4017 1056 4075 in
1079 4022 1174 4075 cutem
1196 4018 1341 4075 emittens.

123 4183 333 4196 ...---—-

294 4322 307 4374 t
341 4319 409 4378 Tul.
428 4321 462 4386 tt,
481 4321 497 4375 n
518 4363 526 4379 .
546 4321 580 4387 ΙΙ,
598 4336 624 4378 o.

281 4322 323 4492 ltl
341 4426 460 4482 ‘tertium
489 4338 560 4482 olom
578 4443 679 4484 nonum
698 4428 856 4484 trsotcutum
875 4427 1006 4494 interdum
1026 4429 1152 4500 exiguom
1170 4444 1188 4484 a
1206 4427 1330 4486 secondo
1349 4426 1443 4485 boram
1461 4444 1594 4512 ramorum
1612 4446 1656 4487 es·

121 4539 214 4609 cipere
232 4535 285 4590 viat
304 4534 338 4589 et.
357 4532 425 4594 'l'aln
444 4533 477 4601 tl,
496 4535 541 4606 bg.
561 4533 593 4592 lt.
613 4534 630 4570 *l

277 4642 318 4709 (3)
337 4639 404 4702 'l'ab.
424 4640 455 4708 ll,
475 4642 519 4713 bg.
539 4641 573 4708 ll,
592 4657 617 4700 c.
1412 4732 1445 4786 4*
