4066 5768
241 557 342 639 amnti
375 554 555 619 maxillarum
590 549 734 616 editurus.
775 548 940 614 Desueudit
974 546 1083 612 deinde
1106 548 1179 611 inira
1200 549 1345 611 maxillam
1367 548 1541 624 interiorem,
1562 556 1592 612 st
1611 553 1641 611 ia
1661 552 1780 610 interno

242 709 329 770 huius
363 705 463 780 latere,
493 707 649 785 ipsumque
676 720 711 763 os
732 699 791 762 iere
811 718 947 783 premens
968 696 1118 778 usquead
1141 702 1252 780 apicem
1274 702 1363 761 menti
1384 698 1588 780 proficiscitur,
1608 685 1781 781 eemptiree

243 861 383 922 continno
417 873 514 915 ramos
548 856 579 915 ia
612 851 777 914 musculum
811 847 1046 929 mylohpoideom
1080 855 1110 910 et
1141 851 1171 909 ln
1192 851 1443 912 cutemmaxtllae
1463 849 1610 914 interioris
1630 852 1782 914 emittens.

242 1005 428 1072 Finiturbin
448 1023 547 1066 ramus
567 1000 685 1065 dnobus
705 1001 891 1063 tenuissimis
911 997 969 1062 filis
990 1001 1020 1060 in
1042 1001 1131 1060 menti
1153 1007 1220 1060 onte
1240 1005 1272 1061 ct
1292 1001 1321 1060 in
1341 1000 1478 1064 musonio
1505 999 1706 1082 mplohyoideo
1727 1018 1779 1062 ss·

246 1156 342 1220 cnudo
364 1152 515 1232 (votum.)
534 1173 569 1216 sa
589 1148 833 1234 expandentibus.

406 1305 523 1367 Remus
558 1301 708 1383 palatinus
740 1303 824 1363 initio
855 1320 921 1362 curu
949 1320 1030 1363 ramo
1064 1299 1206 1362 maxillari
1228 1308 1308 1363 arcte
1329 1300 1492 1363 colracreus
1513 1321 1580 1363 mox
1601 1298 1639 1362 ad
1661 1299 1782 1367 interius

246 1455 415 1531 descondit,
446 1461 476 1516 et
505 1461 671 1516 antrorsnm
705 1455 781 1514 inter
812 1449 927 1512 oculoru
946 1457 976 1512 et
997 1451 1190 1513 membranam
1213 1449 1303 1532 palati
1324 1469 1419 1533 usqne
1438 1451 1477 1515 ad
1497 1454 1610 1531 apicem
1632 1456 1692 1514 oris
1713 1473 1783 1534 pro-

248 1607 388 1690 grediens
409 1605 508 1667 multis
529 1607 558 1664 in
581 1603 633 1664 illa
653 1602 823 1665 membrana
843 1599 1017 1682 expanditur
1037 1602 1167 1664 ramulis.

410 1754 553 1814 Venimus
575 1773 652 1813 nuno
672 1750 710 1812 ad
731 1773 841 1813 ramum
863 1752 1022 1828 iugularem
1035 1753 1094 1828 (l),
1114 1756 1160 1813 via
1182 1773 1268 1834 qnam
1289 1756 1557 1834 perseqnttnrprae
1568 1757 1702 1815 cetarias
1717 1753 1786 1816 'l'ri-

252 1907 362 1986 gemiui
394 1903 514 1982 ganglia
546 1902 710 1964 orientibus
740 1903 830 1961 ramis
850 1897 936 1962 valde
956 1903 1108 1980 insignem.
1149 1902 1248 1981 Quium
1269 1906 1345 1965 enirn
1366 1907 1455 1965 ceteri
1477 1924 1580 1966 omncs
1601 1915 1653 1967 ant
1672 1913 1788 1967 antror-

251 2077 318 2121 snm
340 2062 392 2118 ant
413 2060 578 2116 extrorsum
601 2049 778 2133 procedente
797 2049 940 2113 ramulum
961 2051 1074 2114 huncce
1093 2050 1130 2114 ad
1152 2056 1300 2134 posterius
1321 2073 1356 2116 se
1377 2063 1548 2116 convertere
1568 2065 1599 2118 et
1619 2076 1684 2118 cum
1701 2054 1789 2132 Vaga

254 2205 582 2270 coniunctionemrinire
602 2202 746 2267 videmus.
788 2199 1070 2278 Praestantissimns
1090 2202 1264 2283 Weberffl)
1284 2208 1342 2266 iam
1362 2225 1428 2266 eum
1450 2209 1479 2266 in
1500 2200 1596 2281 Retro,
1611 2227 1787 2288 quamquam

254 2363 350 2420 minus
370 2362 462 2430 reete,
484 2353 652 2432 descripsit,
674 2354 813 2433 nervique
832 2352 1007 2434 sympathici
1028 2356 1276 2420 continuationem
1298 2363 1445 2416 externam
1466 2358 1560 2436 ipsum
1590 2376 1663 2418 csse
1686 2356 1787 2423 soluit.

255 2507 448 2570 Clarissimus
481 2500 648 2565 Vollrmanu
680 2504 789 2583 prium
810 2501 848 2565 ed
868 2501 1055 2566 Faciolen
1076 2525 1142 2567 cnm
1163 2504 1332 2585 'l'rigeruino
1352 2509 1539 2568 coniunctum
1560 2525 1624 2568 enm
1647 2526 1717 2570 esse
1744 2529 1791 2569 re·

256 2654 404 2720 lorendnm
439 2656 569 2732 egregiis
603 2655 810 2733 experimentis
844 2652 1063 2736 demonstravit.
1104 2657 1152 2716 An
1187 2665 1283 2718 tamen
1320 2643 1433 2730 omnes,
1466 2667 1498 2717 ut
1519 2656 1725 2719 celeberrimus
1748 2663 1791 2718 sir

258 2804 423 2879 corrtcndit,
455 2803 505 2865 iric
535 2791 634 2863 ramus
660 2800 804 2879 iugularis
823 2806 971 2865 contineat
990 2803 1158 2879 fasciculos,
1179 2810 1265 2885 qnia
1286 2805 1385 2868 radice
1407 2806 1444 2867 ab
1466 2811 1599 2869 Acustici
1621 2810 1733 2884 origine
1753 2805 1791 2868 ad

258 2956 399 3036 geneion
431 2952 558 3015 Gasaeri
588 2955 683 3014 missa
703 2970 738 3012 ex
759 2949 816 3013 lroc
836 2957 1023 3032 pronunciant,
1045 2955 1144 3033 paullo
1163 2956 1235 3018 intra
1257 2975 1483 3034 cognoscemus.
1524 2955 1674 3018 invenitur
1694 2965 1792 3017 antem

259 3108 308 3171 laio
337 3124 445 3168 ramos
471 3124 530 3164 rron
561 3102 655 3163 solum
688 3105 720 3164 in
747 3103 862 3167 Boione
882 3113 913 3166 et
934 3103 1020 3166 Rana
1041 3103 1095 3166 scd
1116 3110 1202 3168 etism
1224 3111 1253 3168 in
1275 3099 1552 3188 omnibusraliquis
1575 3107 1793 3187 Anaphibiornm
1831 3109 1836 3124 '

260 3255 403 3320 nudorum
438 3252 605 3331 generibus.
647 3248 679 3312 la
716 3251 830 3315 Buloue
865 3255 943 3316 hanc
971 3253 1032 3315 iere
1052 3255 1182 3317 ostendit
1201 3261 1356 3318 rationem:
1381 3257 1426 3319 tax
1447 3259 1568 3338 ganglia
1589 3267 1673 3319 ortus
1694 3260 1795 3318 statim

261 3406 299 3469 nd
330 3409 479 3487 posterius
510 3401 651 3486 flectitur,
685 3411 716 3464 et
750 3405 778 3463 iu
808 3425 911 3465 cavrrm
935 3409 1062 3486 tympani
1083 3416 1242 3486 penctrans
1264 3407 1424 3469 ossiculum
1445 3407 1619 3471 auditorium
1641 3411 1798 3486 oblorrgum

170 3560 176 3573 '
263 3551 472 3619 transscendit.
514 3550 586 3612 Mox
608 3556 737 3631 tympani
759 3557 889 3615 uanitate
910 3557 1012 3617 relicta
1032 3576 1097 3617 cum
1118 3577 1199 3617 ramo
1219 3561 1451 3619 communicante
1472 3563 1553 3621 rrorvi
1581 3559 1668 3638 vagi,
1700 3560 1798 3641 paullo

264 3705 337 3768 inira
372 3701 567 3764 describendo
604 3702 756 3765 coalescit.
798 3703 935 3783 Qurucnm
970 3709 1156 3781 coniunctus,
1190 3705 1329 3786 librisque
1354 3711 1450 3790 ipsius
1472 3709 1549 3772 harad
1571 3731 1670 3791 parum
1692 3719 1799 3772 anetus

265 3857 432 3918 arctissime
453 3852 566 3914 adiacet
584 3855 661 3915 ossi
689 3852 842 3934 quadrato,
863 3864 1021 3939 tectusque
1040 3876 1058 3918 a
1079 3859 1213 3920 musculo
1233 3868 1371 3941 tympano
1393 3862 1534 3922 maxillari
1557 3861 1720 3944 complores
1741 3865 1800 3941 ipsi
1832 3851 1836 3860 ’

267 4005 437 4086 arrppeditat
467 4023 576 4082 parvos
605 4004 745 4069 ramulus.
786 4005 855 4084 Quo
875 4005 953 4068 lacto
972 4005 1009 4069 ad
1031 4008 1149 4070 irrlerius
1172 4008 1355 4072 descendeus
1376 4015 1405 4072 in
1427 4019 1488 4074 tres
1510 4032 1575 4074 mox
1596 4011 1735 4074 dividitur
1755 4033 1802 4074 ra·

267 4174 476 4187 w

428 4297 468 4362 (ι)
488 4293 554 4352 aaa.
575 4295 595 4349 1.
626 4294 687 4367 mg.
708 4298 731 4362 1,
752 4296 777 4355 a.

428 4403 468 4466 (⁶2)
489 4401 520 4457 Ε.
539 4400 573 4458 H.
594 4402 718 4456 Weber
744 4406 877 4459 anatomia
905 4423 1023 4479 compar.
1051 4425 1127 4462 nerv.
1155 4410 1289 4490 sympatla.
1318 4408 1377 4483 Lip.
1396 4410 1466 4466 1817
1495 4412 1628 4484 Explicat.
1666 4413 1734 4470 Tala.
1756 4415 1803 4473 ΙΙΙ.

271 4506 330 4580 fug.
348 4509 374 4572 4,
395 4508 427 4562 17
448 4507 700 4581 Praestantissimus
721 4512 761 4562 vir
778 4509 847 4565 hunc
866 4528 965 4566 ramum
984 4530 999 4566 e
1020 4512 1097 4585 Vago
1116 4518 1178 4570 oriri
1207 4518 1304 4572 deinde
1332 4534 1380 4589 per
1399 4521 1541 4575 cavitatem
1567 4524 1744 4592 tyrnpanicam
1760 4541 1803 4576 au-

271 4622 583 4688 tmreruuprngmsmm
597 4617 628 4670 in
647 4614 789 4687 Trigemiui
807 4618 933 4690 gaugliou
951 4622 1051 4676 intrare
1072 4620 1165 4678 voluit.
