4066 5768
399 587 491 662 Nervi
513 585 605 667 Vegi
627 593 688 650 tres
707 588 894 650 inveniuntur
913 585 1028 650 redicre
1039 586 1087 665 (l)
1107 583 1186 649 bend
1206 588 1247 648 its
1267 602 1385 668 pervus,
1404 604 1480 667 quer
1504 604 1541 647 ex
1566 591 1686 648 externo
1716 604 1776 647 me-

243 738 341 805 dullss
371 737 550 818 oblougstne
580 742 711 818 margine
739 745 898 801 unscsotss
929 746 960 800 et
990 745 1153 800 extrorsum
1185 734 1406 819 progredientes
1431 738 1460 797 in
1482 735 1620 814 genglion
1641 754 1777 814 magnum

243 898 364 954 oretum
382 892 582 953 intumescunt
601 896 632 950 et
652 908 704 970 per
723 887 851 951 lornmen
873 907 964 970 prope
985 884 1139 970 co‘udylum
1161 886 1345 968 occipilslsm
1367 888 1493 969 positum
1515 882 1666 951 excedunt.
1752 880 1756 888 ’

402 1037 739 1121 llypoylossosffl),
772 1035 875 1100 eodem
909 1059 967 1120 quo
998 1042 1027 1101 iu
1060 1039 1170 1103 boleno
1196 1039 1383 1120 pnntberino,
1403 1035 1490 1099 modo
1512 1035 1549 1099 ab
1571 1038 1637 1118 ipso
1659 1034 1778 1098 cerebro

162 1266 165 1271 Ι
243 1189 341 1272 prullo
372 1187 443 1251 icles
476 1197 506 1250 et
535 1198 605 1251 ente
636 1190 717 1252 uerri
738 1186 817 1269 Vegi
838 1186 954 1252 cedices
975 1178 1127 1264 oriundus,
1145 1187 1184 1250 ed
1206 1192 1354 1270 posterius
1375 1207 1410 1250 ss
1430 1190 1586 1265 conuertit,
1608 1184 1714 1249 deiude
1735 1184 1779 1248 di·

241 1341 373 1403 ueiens
392 1344 504 1402 mutste
524 1338 561 1403 ed
583 1341 711 1403 exterius
730 1337 855 1402 flectitur
874 1347 905 1402 et
925 1343 1000 1402 inter
1020 1336 1096 1402 dues
1118 1341 1232 1420 priores
1252 1338 1405 1403 vemebros
1430 1336 1586 1419 egreditur.
1628 1336 1776 1415 Gsnglion

242 1494 350 1566 sutem,
371 1508 430 1571 quo
449 1488 498 1552 blo
518 1508 626 1551 nervus
646 1493 730 1553 e'sset
749 1492 914 1554 instructus
934 1493 1031 1553 inueni
1053 1488 1173 1554 nullon.
1562 1446 1564 1449 Ι

965 1638 991 1718 b.
1031 1642 1060 1706 2.

297 1838 300 1845 .
405 1785 495 1864 Quod
516 1784 555 1849 ed
576 1807 682 1851 nervos
703 1808 739 1851 ex
759 1789 842 1852 bisce
861 1787 1011 1853 radicibus
1032 1795 1159 1853 orientes
1180 1794 1295 1867 attinet,
1315 1789 1391 1852 duee
1413 1797 1511 1871 perles
1534 1787 1777 1850 Oculomoto-

244 1939 289 1999 rii
318 1955 393 2020 quse
424 1941 480 1999 iem
508 1941 582 1998 intre
604 1941 695 2000 cruuii
717 1943 872 2002 cavitatem
893 1938 1034 2020 distingui
1056 1923 1331 2022 poscule'qnnndn
1354 1941 1478 2003 orbltsm
1501 1943 1693 2012 intraverunt,
1715 1943 1779 1997 ste-

244 2090 296 2163 tim
327 2086 462 2149 diverses
493 2095 656 2169 sequuntur
686 2086 877 2168 directiones,
909 2091 1001 2154 altere
1032 2093 1161 2155 crassior
1191 2093 1274 2168 lobs,
1304 2089 1395 2153 ultera
1422 2092 1537 2152 tenuior
1557 2108 1647 2169 supra
1668 2105 1778 2150 remum

245 2237 377 2300 beselem
410 2234 570 2317 Trigemini
602 2237 788 2308 decursurus.
828 2239 942 2305 Remus
972 2246 1108 2320 superior
1133 2246 1162 2305 in
1181 2242 1315 2304 musculo
1336 2249 1417 2304 recto
1438 2243 1591 2322 superiore
1602 2237 1651 2316 (3)
1672 2237 1780 2310 linitur,

244 2405 344 2450 murus
371 2385 490 2449 interior
515 2386 553 2450 ed
574 2388 695 2450 iuferius
715 2397 745 2451 et
765 2393 895 2453 euterius
915 2391 1038 2455 flectitur
1058 2400 1089 2454 et
1107 2396 1137 2454 iu
1160 2401 1221 2456 tres
1241 2412 1309 2456 mox
1329 2390 1468 2454 dividitur
1488 2409 1606 2454 nervos.
1646 2386 1780 2467 Quorum

246 2536 365 2621 quidem
399 2539 512 2617 primus
543 2540 573 2598 iu
604 2538 739 2601 musculo
758 2548 839 2602 recto
858 2539 992 2604 interiore
1011 2543 1196 2625 expenditur3
1217 2541 1369 2606 secundus
1390 2540 1571 2625 aliquantum
1592 2541 1710 2618 lougius
1730 2556 1782 2601 so·

245 2695 372 2751 trorsrrm
404 2685 593 2768 progrediens
625 2707 662 2750 m.
693 2696 803 2750 rectum
824 2693 967 2751 internum
989 2690 1139 2754 lesciculis
1161 2697 1225 2754 suis
1246 2649 1379 2769 instruit3
1400 2698 1504 2755 tertios
1526 2692 1652 2772 denique
1673 2697 1783 2751 extror-

246 2856 310 2900 sum
332 2856 367 2898 se
388 2845 563 2898 convertens
584 2834 621 2898 ed
643 2856 680 2900 ur.
701 2836 850 2916 obliquum
870 2837 1032 2902 inferiorem
1053 2841 1177 2918 accedit,
1198 2843 1390 2926 pluribusque
1410 2843 1450 2907 rbi
1465 2843 1638 2906 dissolvitur
1651 2838 1780 2902 romulis.

406 2983 627 3049 Petbeticos
647 2986 750 3052 relicte
771 2992 861 3052 crerrii
884 2993 1012 3055 corileto
1032 3004 1198 3057 antrorsuru
1220 3014 1254 3056 se
1276 2999 1431 3071 convertit,
1452 2994 1568 3076 alisque
1587 2988 1782 3054 anterioribus

247 3206 459 3220 Ἥ-

408 3365 448 3430 (1)
468 3363 527 3436 urg.
547 3366 570 3429 ι,
592 3366 633 3432 ιο,
653 3349 755 3439 p,÷7‘‚
780 3359 807 3426 t.

407 3470 447 3536 (ἓ)
466 3468 535 3529 Tele.
555 3471 575 3525 Ι.
606 3469 667 3543 bbg.
688 3475 711 3538 l,
734 3474 777 3535 li.

399 3575 449 3642 -(3>
467 3574 597 3631 Libellum
616 3578 718 3637 buncce
737 3584 859 3640 exerenti
878 3581 938 3638 nribi
956 3582 1054 3639 bonum
1072 3599 1158 3658 sscpe
1176 3603 1209 3642 ec
1220 3587 1274 3643 lere
1293 3590 1477 3644 necessarlum
1497 3588 1646 3654 videbatur,
1665 3589 1783 3660 ipsorum

249 3696 391 3736 nervorum
412 3680 587 3756 descriptioni
606 3683 715 3741 brevem
734 3690 914 3745 musculorum
934 3694 1105 3763 proemittere
1124 3695 1321 3772 expositouem,
1341 3696 1413 3768 quod
1428 3704 1516 3752 temon
1534 3697 1682 3762 consilium,
1703 3711 1783 3768 quum

250 3795 304 3842 ium
323 3802 407 3858 snepe
425 3789 475 3842 inm
496 3789 529 3842 de
550 3790 752 3848 Bulrscblorum
771 3794 904 3867 myolngie
922 3799 958 3852 sit
976 3801 1106 3866 scriptum
1126 3799 1263 3873 deponere
1284 3809 1382 3876 postes
1400 3802 1657 3860 iusuimrrminduxi.
1669 3799 1784 3857 Nomine

249 3893 440 3957 musculorum,
465 3893 563 3965 qulbus
582 3899 607 3951 lu
625 3899 737 3970 singulis
757 3877 1050 3960 nervrs'deecribendie
1069 3923 1128 3960 sum
1149 3924 1224 3974 usus,
1244 3923 1294 3980 per
1309 3925 1341 3965 se
1361 3911 1411 3966 lum
1431 3910 1517 3965 leeilis
1536 3916 1614 3964 erunt
1632 3907 1783 3963 intellectu:

250 4007 413 4056 sputantem
432 4017 543 4071 seques
562 4004 632 4075 opud
652 4008 797 4079 plerosque
816 4016 928 4065 sutores
946 4013 1060 4066 maxime
1079 4016 1180 4069 usitata
1198 4016 1294 4070 inveni.
1332 4015 1507 4092 Scripseruut
1524 4023 1612 4073 sulem
1632 4016 1666 4070 de
1690 4015 1784 4071 borum

251 4107 399 4161 eulmnlium
411 4107 1214 4188 musculisimprimisrzenclrerlllyologlsBatroebiorum
1232 4121 1318 4180 dense
1339 4123 1783 4182 1825.-DeSslsmsndriuorum

251 4213 393 4269 mosculis:
412 4211 506 4267 Funlr
526 4213 560 4268 de
579 4216 680 4273 Solem.
700 4230 763 4280 terr.
783 4224 846 4291 vite,
865 4224 944 4280 lorm.
963 4233 1014 4285 cet.
1026 4225 1118 4284 Berol.
1140 4229 1216 4288 1827.
1236 4261 1270 4269 —
1290 4229 1332 4286 De
1352 4233 1499 4288 eorundem
1516 4231 1662 4287 animalium
1681 4248 1785 4287 muscu·
1814 4248 1817 4253 ·

251 4318 285 4374 lis
304 4319 349 4391 qul
368 4335 401 4375 os
420 4317 563 4391 byoldeom
582 4332 610 4378 et
629 4324 791 4400 ploerpogem
810 4339 932 4386 proveni:
963 4331 1132 4390 Slcboldt.
1151 4336 1310 4397 Observeit.
1339 4341 1436 4411 quserl.
1461 4340 1495 4394 do
1514 4337 1615 4394 Selom.
1634 4346 1661 4393 et
1681 4338 1784 4394 Triton.

252 4423 346 4483 Berol.
366 4426 435 4481 1828
453 4433 482 4481 et
500 4430 654 4502 complures
673 4434 724 4500 ulii,
753 4436 894 4507 inquibus
915 4441 1058 4511 praecipue
1083 4441 1232 4498 doctissimi
1259 4445 1307 4498 viri
1334 4443 1473 4511 crvier.
1502 4443 1645 4512 llleckel,
1675 4445 1784 4500 Corus

252 4531 370 4589 inlibris
390 4531 424 4586 do
443 4536 568 4592 universa
587 4543 719 4595 costumis
744 4536 900 4614 'comperite
920 4549 1083 4619 conscriptis
1110 4545 1181 4603 baud
1209 4568 1294 4623 peuce
1322 4552 1356 4607 de
1380 4551 1473 4608 borum
1492 4552 1637 4609 animalium
1657 4554 1783 4609 musculis

254 4636 448 4697 disseruerunt.
