4066 5768
352 592 635 674 Petheticnsss)
656 596 708 660 itte
728 597 822 659 muto
843 599 958 660 tenuior
978 595 1015 659 eb
1037 602 1190 678 superiore
1215 607 1365 680 pestremo
1397 620 1547 684 corporum
1563 602 1733 684 -quedrigo
1841 558 1883 659 ι«ι

194 746 333 807 minorum
353 748 485 824 mergine
506 745 658 822 oriundus,
678 750 786 829 puriter
806 755 896 830 etque
915 747 966 812 ilie
986 757 1151 810 extrorsum
1171 757 1203 811 et
1222 757 1386 812 uniuersum
1408 751 1599 831 progreditur·
1622 746 1731 835 etpee

192 895 320 960 toramen
340 895 440 977 pendo
459 916 548 977 supre
569 896 783 960 Ocntemutorii
802 907 967 978 operturam
987 901 1115 978 positum
1135 919 1172 962 ex
1190 903 1282 963 cranii
1313 904 1441 963 envitete
1471 920 1624 980 egressus,
1653 896 1732 966 nitri·

194 1054 255 1108 tem
273 1049 373 1108 intret.
965 999 969 1008 Ι

352 1197 444 1259 Nervi
466 1195 671 1276 'trigemini
692 1201 774 1277 origo
794 1196 951 1261 edmoduro
970 1202 1162 1281 compositum
1184 1170 1487 1279 determinaturum,
1518 1205 1626 1285 qnippe
1654 1196 1730 1287 opes
1804 1250 1816 1277 .

194 1348 290 1409 tribue
309 1350 452 1409 seiunctis
472 1347 623 1410 radicibus
642 1358 842 1430 componatur.
882 1347 1043 1429 Primum)
1064 1349 1116 1427 (ed
1136 1356 1233 1433 ipsum
1253 1368 1307 1433 per
1326 1355 1476 1434 quiritum·
1493 1361 1526 1414 nt
1539 1348 1664 1430 ridetur}
1683 1365 1732 1417 ess

194 1497 327 1575 terendo)
348 1518 366 1558 e
389 1519 527 1580 supremo
550 1507 580 1561 et
600 1507 728 1560 extreme
751 1497 895 1563 nennius
915 1500 1094 1580 eblongetse
1113 1505 1243 1581 margine
1265 1501 1560 1578 connecteremus·
1584 1513 1615 1570 et
1639 1506 1732 1567 ‘ente-

195 1652 259 1727 rius
293 1647 436 1729 procedit,
466 1649 664 1730 gerigtiouqne
698 1648 803 1711 formet
837 1654 914 1712 setis
947 1669 1094 1730 maguum,
1121 1672 1188 1714 cum
1208 1672 1266 1732 qun
1287 1652 1539 1734 c'eterae'quoque
1560 1652 1676 1755 radices
1696 1674 1732 1716 se

196 1801 393 1878 coniungunt3
413 1798 546 1861 secunde
555 1800 606 1878 (3)
626 1800 717 1861 mutto
737 1798 875 1862 subtilior
894 1800 997 1880 (quem
1018 1801 1136 1882 quidem
1157 1799 1195 1863 ed
1216 1799 1403 1865 decisioni
1424 1805 1569 1883 pertinere
1590 1802 1731 1866 doctissi-

193 1969 259 2013 mus
279 1948 446 2012 Votirrnenn
466 1953 595 2028 egregiis
614 1951 820 2030 experimentis
840 1952 870 2011 in
891 1948 978 2023 Rene
997 1954 1146 2015 institutis
1166 1951 1398 2028 demonstravit)
1418 1952 1455 2015 nb
1470 1953 1606 2015 Acestiei
1621 1952 1730 2032 redico,

193 2121 229 2163 ex
248 2109 378 2164 extremo
400 2100 544 2163 meduttse
565 2100 741 2180 ebiongntee
761 2103 892 2179 margine
912 2104 1033 2179 ericius,
1053 2107 1164 2166 emisse
1185 2102 1223 2166 ed
1245 2107 1374 2167 exterius
1394 2110 1425 2165 'et
1438 2106 1571 2166 anterius
1585 2101 1730 2168 escendit

194 2250 326 2314 Tertium
346 2252 480 2334 denique,
501 2255 549 2332 qni
571 2255 602 2313 in
622 2244 770 2332 ganglinn'
782 2250 942 2332 'trigemini
963 2256 1113 2331 inseritur,
1134 2274 1255 2316 nereum
1277 2272 1347 2336 pere
1368 2255 1518 2336 nephrites
1540 2256 1622 2317 nerei
1648 2268 1729 2333 syru-

193 2404 302 2484 petbiei
321 2403 423 2466 formet
439 2403 497 2482 (⁴),
515 2423 596 2486 >qnae
616 2402 743 2484 quidem,
764 2414 921 2486 postquem
942 2425 994 2485 per
1014 2404 1093 2485 Vngi
1113 2404 1240 2468 toramen
1261 2409 1290 2466 in
1312 2408 1467 2467 cavitatem
1490 2406 1581 2466 erenii
1601 2406 1732 2478 introvit,

195 2575 288 2635 perro
308 2558 339 2615 in
361 2555 450 2615 tuende
472 2559 563 2616 menti
582 2573 664 2629 arcu,
684 2555 825 2633 escisque
846 2552 1018 2633 sphennidei
1039 2554 1123 2616 basin
1145 2555 1204 2616 iere
1225 2573 1361 2634 premere
1381 2554 1419 2616 ed
1441 2559 1573 2615 anterius
1598 2553 1732 2628 flectitur,

194 2715 303 2768 etune
323 2725 388 2767 curn
408 2703 507 2801 rpdiee
527 2703 565 2765 eb
586 2703 729 2765 deustiee
749 2705 862 2780 urigine
880 2704 991 2764 emisse
1011 2718 1080 2764 enm
1100 2700 1271 2781 Trigemiuo
1292 2722 1327 2764 se
1347 2707 1509 2782 coniungit.
1530 2740 1568 2753 --
1590 2701 1732 2764 Redieer‘e

195 2789 518 2935 eGiessophdryngee
538 2856 568 2914 in
589 2856 669 2933 peris
691 2854 784 2934 qriinti
805 2853 945 2931 genglien
967 2857 1118 2929 emisseni,
1138 2870 1196 2935 que
1217 2852 1379 2915 secundum
1401 2853 1563 2916 doctissimi
1584 2852 1667 2932 Vegt
1679 2850 1732 2914 de·

194 3009 382 3087 scriptionem
404 3003 480 3068 ane
499 3004 694 3085 pantherinae·
710 3009 759 3064 est
779 3004 951 3079 instructus,
973 3003 1081 3067 nntium
1103 3008 1201 3066 iuveni
1213 3004 1269 3082 (d).

355 3155 474 3218 Nervus
507 3150 777 3230 Abduoensffi),
812 3173 903 3236 prope
933 3154 1038 3216 tineam
1070 3152 1194 3215 medinm
1226 3154 1369 3217 medullae
1395 3154 1572 3234 oblengstee
1591 3157 1673 3216 ortus
1694 3149 1736 3215 ad

197 3311 326 3370 exterius
357 3315 387 3368 et
420 3309 551 3367 euterius
571 3324 605 3366 se
626 3307 779 3380 convertit,
803 3311 833 3365 et
854 3303 1053 3386 perforamen
1075 3323 1195 3386 pervum
1216 3306 1315 3388 paulin
1335 3306 1391 3368 sub
1414 3304 1574 3385 Trigemini
1596 3302 1734 3365 foramine

195 3463 322 3541 positum
345 3477 380 3519 ex
401 3461 502 3519 crenio
525 3454 648 3521 excedit.
688 3455 767 3531 Filo,
787 3454 824 3517 ab
846 3454 902 3516 hnc
923 3475 1014 3518 nervo
1033 3459 1063 3519 in
1084 3457 1222 3536 gengtinn
1244 3456 1368 3520 Gesseri
1390 3460 1512 3531 serisso,
1526 3452 1734 3535 qneledoctis·

196 3615 292 3672 simus
324 3608 407 3686 Vegt
435 3610 465 3668 in
497 3604 609 3667 Boione
634 3605 806 3688 pantheriuo
828 3605 995 3688 descripsit,
1016 3627 1061 3684 ee,
1082 3626 1168 3687 quem
1189 3607 1323 3690 equidem
1344 3609 1521 3685 investigavi
1542 3607 1661 3686 species
1682 3622 1731 3666 ee-

193 3783 258 3826 rere
279 3759 403 3825 ridetur.
423 3793 463 3804 -

196 3976 408 3996 m·

355 4144 397 4209 (l)
415 4138 482 4195 Tau.
501 4137 523 4193 1.
553 4137 612 4210 mg.
633 4142 658 4197 1.
676 4141 704 4197 d.

356 4250 397 4316 (t)
416 4245 484 4304 Tm.
504 4245 525 4303 Ι.
558 4244 618 4318 an.
639 4248 662 4312 1,
680 4247 707 4302 5.

355 4357 397 4425 (3)
415 4355 478 4428 mg.
500 4359 524 4417 l,
543 4371 572 4411 n.

357 4466 400 4531 (n)
419 4462 479 4535 mg.
500 4465 524 4530 1,
543 4479 567 4518 s.

359 4572 402 4637 (5)
421 4569 439 4628 t.
458 4571 476 4629 Ι.
496 4585 540 4642 pg.
554 4571 599 4629 52.

358 4677 400 4748 (ti)
419 4676 479 4751 mg.
498 4678 523 4744 l,
541 4677 568 4734 6.
