4066 5768
859 190 1050 339 .ss

241 468 407 544 praemium.
449 459 588 540 Magnam
623 462 698 521 euim
735 456 957 520 Salamaodrina
992 477 1059 518 cum
1084 454 1247 519 licaudatis
1269 456 1316 533 (ot
1338 455 1454 538 quidem
1474 466 1703 521 eonseutsnaum
1725 467 1777 522 est

240 617 268 675 in
305 612 418 674 duabus
454 610 529 673 adeo
565 610 700 673 allinibus
731 609 862 686 familiis)
896 606 1082 669 ostendentia
1113 606 1345 685 similitudinem,
1366 607 1456 670 multa
1477 614 1587 684 ίιιιιιιι,
1607 609 1714 689 quibus
1736 608 1775 669 ab

240 762 323 823 bisce
354 760 496 836 differant,
527 761 673 834 exhibent
696 759 873 834 discrimina,
900 778 992 837 eaqtte
1013 764 1071 818 tam
1093 761 1230 837 iusignia,
1250 766 1349 840 atque,
1371 766 1404 819 ut
1424 762 1464 821 ita
1486 756 1591 834 dimm,
1611 759 1779 834 fructuosa,

241 921 272 972 nt
292 915 417 975 omnium
440 912 565 986 illorum,
586 932 661 990 quaa
681 908 897 972 ldcaudatorurn
920 922 1027 971 itervm
1047 906 1303 970 considerantibus
1324 907 1412 971 uobis
1432 928 1467 970 ee
1498 910 1632 984 oderunt,
1653 909 1774 990 proble-

242 1071 348 1124 matum
383 1070 412 1123 et
446 1065 529 1142 quasi
564 1065 769 1140 aenigmatum,
807 1057 1003 1140 comparando
1034 1056 1182 1121 secundae
1203 1058 1328 1121 lamiliae
1348 1064 1510 1138 systemate
1531 1079 1668 1133 nervoso,
1687 1009 1778 1120 laci-le

242 1215 427 1274 inveniantur
448 1214 624 1276 solutiones.
646 1187 648 1193 ,

402 1361 479 1442 lpsis
501 1369 608 1437 autem,
630 1359 860 1441 quoeutnmodn
884 1362 1057 1423 mentionees
1080 1358 1202 1420 lecimus
1224 1362 1338 1436 magnis
1366 1357 1584 1422 discriminibus
1609 1362 1780 1422 necessitas

243 1510 328 1573 uobis
359 1516 525 1592 imponitur,
557 1508 689 1584 eandem,
721 1530 821 1588 quam,
840 1518 925 1573 antea
950 1455 1055 1583 ,sudeus
1076 1513 1234 1589 persecuti,
1255 1512 1331 1572 viam
1352 1507 1545 1588 ingrediendi,
1566 1528 1629 1571 eum
1651 1508 1781 1589 quidem,

242 1670 274 1721 ut
309 1659 520 1722 Salarnandrae
556 1663 653 1720 nervis
690 1659 889 1721 cerebralibus
925 1640 1043 1719 uberius
1075 1657 1231 1739 descriptis
1249 1627 1386 1721 'breviter
1405 1679 1441 1723 aa
1460 1679 1649 1741 exponamus,
1670 1659 1782 1740 quibus

242 1806 375 1871 Tritonis
396 1819 526 1890 systema
551 1830 705 1872 nervosum
727 1810 764 1870 ab
786 1809 866 1869 illius
888 1811 1006 1888 generis
1029 1807 1117 1869 lorma
1140 1806 1262 1873 diderat.

968 2029 1064 2107 en
1131 1996 1165 2131 J

256 2160 258 2163 V
342 2259 345 2263 .
401 2180 553 2260 Origines,
579 2200 731 2276 nemorum
764 2143 952 2242 cerebralium
985 2177 1197 2241 salamandrae
1218 2178 1267 2256 (S.
1289 2179 1452 2258 terrestris)
1472 2183 1498 2243 si
1520 2185 1640 2262 primurn
1662 2152 1783 2262 spectass

152 2361 153 2364 ι
244 2349 318 2415 mus,
350 2330 441 2395 multa
477 2332 664 2394 inveniuntur
697 2330 802 2410 quibus
833 2331 871 2391 ab
893 2329 1108 2406 Ecaudatorum
1130 2338 1199 2412 typo
1221 2330 1275 2427 boc
1295 2350 1389 2410 genus
1410 2330 1538 2398 recedat.
1580 2331 1780 2423 complurium

243 2485 317 2541 enim
340 2499 493 2541 nervorum
516 2479 643 2556 radices,
664 2479 741 2562 apud
763 2444 818 2543 illa
834 2485 1017 2557 coniunctae,
1039 2446 1148 2543 liberae
1170 2481 1209 2543 ibi
1231 2491 1300 2543 stunt
1322 2489 1351 2543 et
1372 2490 1565 2562 segregatae,
1584 2488 1622 2544 ita
1645 2493 1676 2544 ut
1697 2503 1781 2564 spem

242 2628 310 2723 iude
341 2620 554 2712 recicipiamus,
591 2650 745 2690 nervorum
778 2628 853 2709 apud
875 2627 1027 2690 Ecaudata
1051 2632 1271 2724 coniunctorum
1295 2637 1424 2729 rupturam
1447 2630 1657 2692 Salamaudrae
1679 2640 1779 2711 syste-

242 2783 329 2889 matis
351 2783 469 2839 nervosi
493 2783 710 2858 annunciatione
732 2777 941 2855 cognoscendi
1090 2734 1111 2751 ι’
1312 2744 1325 2752 ⁷¹
1699 2730 1702 2735 Ι
1744 2737 1748 2742 1

403 2929 614 2990 Oculomotorii
637 2929 781 3007 origo(l)
803 2928 923 2990 eandem
946 2878 1068 3007 praebet
1099 2886 1326 3005 speciem,
1271 2951 1355 3010 quam
1378 2930 1453 3011 apud
1480 2902 1629 3006 Buloneur,
1654 2902 1781 3010 Renum,

243 3079 348 3161 Hylam
383 3086 449 3155 cet,
472 3077 573 3140 eodetn
596 3078 681 3140 modo
703 3101 759 3161 quo
781 3081 841 3143 illic
863 3100 879 3142 a
901 3033 1008 3142 linibus
1030 3100 1142 3140 crurum
1165 3078 1286 3188 cerebri,
1307 3088 1385 3156 tecta
1408 3100 1424 3140 o
1446 3080 1547 3142 tubere
1568 3084 1694 3158 cinereo,
1729 3104 1782 3144 na-

159 3294 162 3302 ,
242 3249 346 3325 scens,
373 3248 430 3308 quo
462 3195 580 3288 subiato
614 3228 737 3288 lacile'
730 3250 822 3309 ipsam
857 3233 924 3290 oriri
946 3227 1080 3331 videbis
1122 3183 1244 3290 Extrors
1231 3251 1293 3289 unt
1327 3251 1361 3290 se
1383 3196 1558 3291 conuertens
1580 3252 1630 3355 per
1652 3233 1779 3295 letamen

242 3401 316 3485 prone
336 3378 466 3441 foramen
490 3383 617 3458 optinum
638 3382 784 3481 positum
788 3383 878 3440 cranii
900 3400 1003 3440 cavum
1026 3326 1148 3442 excedit.

405 3527 492 3588 Paris
524 3533 616 3607 quarti
639 3529 765 3592 radicem
797 3551 909 3591 snnnnn
932 3494 1064 3592 adhibita
1088 3550 1154 3591 cura
1178 3549 1223 3589 ute
1244 3533 1373 3637 inuenire
1395 3553 1453 3615 non
1475 3498 1607 3611 proluisse
1630 3533 1780 3627 confiteor,

320 3751 452 3759 ..-...-.-—-

205 3870 211 3883 ⁴
242 3892 410 3959 ruinaeque
440 3892 518 3942 etiarn
549 3891 698 3962 perdoctus
719 3893 759 3944 uir
779 3889 853 3944 Funlt
873 3892 898 3943 iu
918 3889 985 3944 libro
1005 3906 1056 3944 suo
1077 3891 1111 3943 da
1130 3891 1322 3955 Salamandrne
1341 3885 1479 3948 terrestris
1500 3892 1610 3948 historia
1636 3901 1664 3947 et
1686 3901 1779 3948 anato-

241 3997 292 4050 mia
320 3997 401 4052 nliam
429 3984 486 4050 lere
514 3995 711 4050 Salamondrse
730 4008 878 4051 nemorum
910 3997 975 4051 lenit
999 3996 1178 4057 :mentionem
1210 3996 1264 4066 Qui
1289 3999 1399 4070 quidem
1426 3999 1493 4055 selis
1514 3998 1667 4074 :descriptis
1686 3967 1779 4056 nervis

241 4104 336 4172 optico
356 4108 396 4156 'et
417 4102 561 4158 olfactorio
593 4105 642 4156 alt:
672 4103 775 4167 ,ntum
793 4103 1091 4176 contunsionem
1109 4108 1313 4160 commemorent
1331 4108 1576 4180 neretsexeeptis,
1595 4111 1779 4164 ceterosritli

241 4210 375 4280 „quidem
404 4211 452 4262 snt
481 4209 516 4262 ob
545 4209 719 4264 subtilitatem
739 4214 866 4283 persequi
886 4229 939 4266 non
960 4213 1105 4283 potui.“(!)
1142 4209 1241 4283 Neque
1260 4213 1340 4266 etiam
1358 4228 1400 4280 ee,
1419 4230 1489 4285 quae
1507 4213 1687 4270 doctissimus
1702 4213 1779 4286 Vogt

242 4314 276 4370 de
304 4304 495 4374 salamandrae
523 4316 1135 4375 nervtsbmnmrdisemuttsettse'e'eurete
1154 4319 1387 4392 contemplentur,
1407 4322 1483 4375 caius
1507 4327 1595 4375 tamen
1620 4324 1657 4375 rei
1677 4338 1775 4376 caussa

241 4422 266 4477 in
284 4436 319 4479 eo
339 4411 462 4478 tortasse
484 4432 528 4475 est
542 4426 646 4494 posito,
667 4425 741 4495 quod
759 4422 960 4483 unnm³tatttom
980 4425 1189 4498 ltuirie·‘ileptilii
1205 4426 1356 4499 coemptum
1370 4428 1427 4498 ipsi
1445 4428 1610 4498 investigare
1628 4427 1734 4484 licebat.

358 4536 360 4541 ’
401 4528 441 4596 (l)
462 4527 530 4589 lab.
549 4528 582 4584 ll.
603 4531 646 4602 lig.
667 4529 745 4598 ll·,'3.
806 4526 818 4574 .'
903 4562 914 4575 ··
945 4551 948 4558 ·
991 4532 995 4541 ’
1050 4552 1054 4559 ·
