4066 5768
955 1514 958 1519 ‘
978 1500 1043 1588 ΙΙ.

612 1664 617 1673 ’
736 1681 1299 1749 snunmnunurna

969 1906 996 1984 d.
1035 1905 1064 1970 8.

409 2054 527 2118 Primae
549 2054 770 2137 Amphibiorum
796 2054 937 2120 nudorum
959 2055 1085 2119 familiae
1106 2076 1214 2118 nervos
1235 2034 1428 2134 inuestiganti
1449 2053 1518 2116 milri
1540 2052 1704 2134 complures
1718 2074 1786 2116 oxo-

254 2205 402 2268 riebautnr
423 2209 613 2287 quaestiones
634 2204 713 2268 haud
734 2209 775 2268 ita
799 2205 903 2270 faciles
924 2205 1092 2272 diiudicata.
1133 2207 1196 2285 Sio,
1217 2217 1248 2269 ut
1269 2227 1356 2268 unum
1380 2227 1397 2269 o
1417 2207 1518 2268 multis
1538 2205 1698 2288 proteram,
1724 2208 1787 2268 sin·

249 2357 360 2438 gularis
380 2357 441 2433 illa,
462 2377 546 2437 qnam
567 2357 707 2436 gauglion
734 2356 859 2419 Gassori
880 2360 911 2419 iu
931 2357 1137 2420 Bombinatore
1158 2378 1193 2419 ae
1214 2355 1360 2419 Peloleoto
1382 2355 1523 2433 ostendit,
1554 2355 1644 2418 lorma
1667 2354 1786 2419 dubium

248 2529 296 2571 me
315 2506 452 2583 reddidit,
474 2528 511 2569 au
532 2528 564 2569 re
585 2527 654 2569 vera
675 2506 725 2568 ille
745 2526 844 2570 ramus
865 2509 1007 2587 iugularis
1027 2509 1111 2576 solua
1132 2512 1173 2569 sit
1191 2528 1335 2570 ramorum
1356 2530 1373 2570 a
1400 2506 1520 2586 ganglio
1547 2506 1707 2586 Trigemiui
1728 2510 1786 2567 ori-

249 2662 369 2734 entium,
397 2676 481 2738 quem
508 2654 547 2717 ad
566 2620 693 2718 radicem
715 2676 751 2716 ex
772 2657 910 2719 Aeustioi
933 2661 1045 2736 origine
1065 2660 1094 2718 in
1116 2657 1188 2718 illud
1209 2662 1347 2719 emissam
1369 2656 1469 2718 relerri
1491 2663 1646 2737 oporteret.
1688 2655 1785 2734 Quam

249 2816 345 2871 umen
360 2828 419 2869 rem
435 2794 518 2867 solos
537 2800 752 2868 lloaudatornm
773 2825 881 2868 nervos
903 2805 1069 2868 cerebrales
1088 2806 1276 2887 respiciendo
1298 2827 1355 2868 uon
1378 2811 1460 2888 potui
1489 2778 1667 2886 disceptare,
1688 2828 1785 2890 noque

248 2962 334 3021 etiam
370 2960 565 3038 experimenta
600 2958 723 3017 motoria
758 2975 844 3037 quam
878 2958 1115 3035 ingeniosissime
1136 2960 1271 3019 instituta
1292 2955 1441 3020 sufficiunt
1462 2953 1500 3017 ad
1522 2975 1586 3017 eam
1612 2953 1783 3018 discernen-

247 3108 384 3185 dam(l).
425 3104 497 3168 Sola
531 3108 620 3185 igitur
650 3105 762 3188 reliqua
795 3112 858 3168 arat
889 3126 970 3186 spes,
997 3109 1240 3189 comparationem
1263 3128 1416 3169 nervorum
1438 3111 1467 3167 in
1489 3107 1545 3167 alia
1567 3105 1689 3186 quadam
1712 3109 1783 3168 Am-

246 3259 409 3343 phibiorum
441 3254 582 3319 nudorum
618 3256 724 3318 lamilia
758 3275 816 3316 non
843 3255 938 3319 solum
960 3257 1003 3319 illi
1024 3261 1065 3318 rei
1086 3257 1211 3338 aliquam
1233 3258 1385 3320 allaturam
1407 3278 1476 3319 esre
1497 3256 1600 3330 lucem,
1622 3255 1674 3317 sed
1696 3262 1782 3317 etiam

246 3410 283 3474 ad
319 3411 393 3472 alias
428 3406 568 3503 quasdam
603 3409 803 3487 quaestiones,
837 3405 873 3468 do
906 3407 1013 3485 quibus
1040 3407 1111 3469 inira
1134 3408 1251 3470 uberius
1274 3412 1328 3471 erit
1349 3406 1551 3468 disserendum
1575 3405 1783 3487 disceptandas
1871 3418 1876 3427 ’

246 3563 355 3626 valere.
396 3559 504 3640 Neque
535 3557 665 3639 prolecto
700 3557 772 3617 haee
805 3577 877 3638 spes
911 3578 957 3619 me
991 3557 1101 3633 fefellit,
1129 3578 1331 3638 summumque
1353 3560 1460 3636 magni,
1483 3577 1567 3638 quem
1591 3555 1658 3616 mihi
1680 3557 1780 3617 horum

245 3712 412 3776 auinralium
447 3718 505 3771 tam
541 3688 636 3788 exigui
671 3712 842 3788 systematis
878 3712 993 3771 nervosi
1026 3712 1217 3804 investigatio
1245 3707 1566 3791 parabat,laboris(‘.i)
1589 3715 1781 3769 unctuosum

253 3936 458 3948 -.,-...-...--

405 4111 446 4176 (1)
465 4107 516 4163 Cui
543 4109 583 4163 rei
610 4106 780 4164 illustrissimi
807 4109 856 4163 viri
885 4105 1033 4164 Volkmann
1052 4107 1204 4181 exemplum
1221 4114 1268 4162 est
1285 4112 1452 4178 argumento,
1472 4107 1518 4176 qui
1537 4102 1643 4175 quidem
1662 4101 1781 4159 solorum

247 4219 339 4274 tianae
352 4291 354 4296 Ι
367 4231 510 4271 nervorum
537 4218 666 4272 rationem
694 4214 798 4272 habens
821 4232 922 4271 romum
941 4214 1087 4287 ingrdarem
1105 4223 1227 4271 nostrum
1246 4215 1335 4269 solum
1354 4228 1419 4268 essa
1438 4217 1564 4267 censeret
1583 4208 1726 4281 'l'rigemini
1743 4227 1782 4264 ra·

246 4340 355 4391 moram,
376 4325 421 4394 qni
439 4341 455 4379 a
473 4321 573 4378 Fariali
591 4330 668 4378 esset
686 4320 869 4377 dedocendae.
1782 4379 1785 4383 ,

406 4433 446 4497 (a)
466 4430 543 4499 Quae
562 4445 716 4484 neruorum
749 4428 941 4485 salamandrae
969 4427 1143 4500 Trltoniaque
1171 4427 1306 4497 exiguitas
1334 4441 1445 4496 quoqne
1474 4425 1599 4480 eiecisse
1620 4423 1733 4485 videtur,
1753 4429 1782 4475 ut

247 4537 316 4592 nulla
336 4537 392 4592 lere
411 4538 435 4591 in
455 4536 528 4592 libris
543 4537 581 4591 de
601 4537 694 4592 lroruru
714 4537 861 4590 animalium
880 4537 1011 4592 anatomia
1031 4535 1194 4606 conseriptis
1214 4536 1371 4604 systematis
1390 4533 1501 4586 nervosi
1526 4528 1597 4585 lanta
1616 4532 1652 4584 sit
1671 4528 1778 4586 montio.

248 4645 360 4699 Frustra
389 4645 474 4699 omnia
502 4644 672 4716 perlustravi,
701 4661 770 4715 quaa
799 4642 996 4698 illustrissimos
1017 4641 1136 4697 llusconi
1155 4642 1189 4695 de
1208 4639 1348 4695 Tritonum
1368 4640 1500 4694 anatomia
1518 4644 1571 4695 tam
1591 4635 1672 4690 docte
1691 4632 1776 4688 diese-
